@ARTICLE{Ahmi09,
   author = {{Ahmic}, M. and {Croll}, B. and {Artymowicz}, P.},
    title = "{Dust Distribution in the {$\beta$} Pictoris Circumstellar Disks}",
  journal = {\apj},
archivePrefix = "arXiv",
   eprint = {0909.0730},
 primaryClass = "astro-ph.SR",
 keywords = {circumstellar matter, methods: statistical, planetary systems: formation, planetary systems: protoplanetary disks, stars: individual: Beta Pictoris},
     year = 2009,
    month = nov,
   volume = 705,
    pages = {529-542},
      doi = {10.1088/0004-637X/705/1/529},
   adsurl = {http://adsabs.harvard.edu/abs/2009ApJ...705..529A},
  adsnote = {Provided by the SAO/NASA Astrophysics Data System}
}

@ARTICLE{Akai74,
   author = {{Akaike}, H.},
    title = "{A New Look at the Statistical Model Identification}",
  journal = {IEEE Transactions on Automatic Control},
 keywords = {MAXIMUM ENTROPY, POWER SPECTRA},
     year = 1974,
   volume = 19,
    pages = {716-723},
   adsurl = {http://adsabs.harvard.edu/abs/1974ITAC...19..716A},
  adsnote = {Provided by the SAO/NASA Astrophysics Data System}
}

@ARTICLE{Alib05,
   author = {{Alibert}, Y. and {Mordasini}, C. and {Benz}, W. and {Winisdoerffer}, C.
	},
    title = "{Models of giant planet formation with migration and disc evolution}",
  journal = {\aap},
   eprint = {astro-ph/0412444},
 keywords = {stars: planetary systems, stars: planetary systems: formation, solar system: formation},
     year = 2005,
    month = apr,
   volume = 434,
    pages = {343-353},
      doi = {10.1051/0004-6361:20042032},
   adsurl = {http://adsabs.harvard.edu/abs/2005A%26A...434..343A},
  adsnote = {Provided by the SAO/NASA Astrophysics Data System}
}

@ARTICLE{Andr07,
   author = {{Andrews}, S.~M. and {Williams}, J.~P.},
    title = "{High-Resolution Submillimeter Constraints on Circumstellar Disk Structure}",
  journal = {\apj},
   eprint = {astro-ph/0610813},
 keywords = {Accretion, Accretion Disks, Stars: Circumstellar Matter, Stars: Planetary Systems: Protoplanetary Disks, Solar System: Formation, Stars: Pre-Main-Sequence},
     year = 2007,
    month = apr,
   volume = 659,
    pages = {705-728},
      doi = {10.1086/511741},
   adsurl = {http://adsabs.harvard.edu/abs/2007ApJ...659..705A},
  adsnote = {Provided by the SAO/NASA Astrophysics Data System}
}

@ARTICLE{Andr09,
   author = {{Andrews}, S.~M. and {Wilner}, D.~J. and {Hughes}, A.~M. and 
	{Qi}, C. and {Dullemond}, C.~P.},
    title = "{Protoplanetary Disk Structures in Ophiuchus}",
  journal = {\apj},
archivePrefix = "arXiv",
   eprint = {0906.0730},
 primaryClass = "astro-ph.EP",
 keywords = {accretion, accretion disks, circumstellar matter, planetary systems: protoplanetary disks, solar system: formation, stars: pre-main sequence},
     year = 2009,
    month = aug,
   volume = 700,
    pages = {1502-1523},
      doi = {10.1088/0004-637X/700/2/1502},
   adsurl = {http://adsabs.harvard.edu/abs/2009ApJ...700.1502A},
  adsnote = {Provided by the SAO/NASA Astrophysics Data System}
}


@ARTICLE{Andr13,
   author = {{Andrews}, S.~M. and {Rosenfeld}, K.~A. and {Kraus}, A.~L. and 
	{Wilner}, D.~J.},
    title = "{The Mass Dependence between Protoplanetary Disks and their Stellar Hosts}",
  journal = {\apj},
archivePrefix = "arXiv",
   eprint = {1305.5262},
 primaryClass = "astro-ph.SR",
 keywords = {protoplanetary disks, submillimeter: planetary systems },
     year = 2013,
    month = jul,
   volume = 771,
      eid = {129},
    pages = {129},
      doi = {10.1088/0004-637X/771/2/129},
   adsurl = {http://adsabs.harvard.edu/abs/2013ApJ...771..129A},
  adsnote = {Provided by the SAO/NASA Astrophysics Data System}
}%http://iopscience.iop.org/0004-637X/771/2/129/pdf/apj_771_2_129.pdf

@ARTICLE{Apai15,
   author = {{Apai}, D. and {Schneider}, G. and {Grady}, C.~A. and {Wyatt}, M.~C. and 
	{Lagrange}, A.-M. and {Kuchner}, M.~J. and {Stark}, C.~J. and 
	{Lubow}, S.~H.},
    title = "{The Inner Disk Structure, Disk-Planet Interactions, and Temporal Evolution in the {$\beta$} Pictoris System: A Two-epoch HST/STIS Coronagraphic Study}",
  journal = {\apj},
archivePrefix = "arXiv",
   eprint = {1501.03181},
 primaryClass = "astro-ph.EP",
 keywords = {minor planets, asteroids: general, planetary systems, planets and satellites: formation, protoplanetary disks, stars: individual: Beta Pictoris, techniques: high angular resolution },
     year = 2015,
    month = feb,
   volume = 800,
      eid = {136},
    pages = {136},
      doi = {10.1088/0004-637X/800/2/136},
   adsurl = {http://adsabs.harvard.edu/abs/2015ApJ...800..136A},
  adsnote = {Provided by the SAO/NASA Astrophysics Data System}
}

@ARTICLE{Ardi04,
   author = {{Ardila}, D.~R. and {Golimowski}, D.~A. and {Krist}, J.~E. and 
	{Clampin}, M. and {Williams}, J.~P. and {Blakeslee}, J.~P. and 
	{Ford}, H.~C. and {Hartig}, G.~F. and {Illingworth}, G.~D.},
    title = "{A Resolved Debris Disk around the G2 V Star HD 107146}",
  journal = {\apjl},
   eprint = {astro-ph/0411422},
 keywords = {Stars: Planetary Systems: Formation, Stars: Planetary Systems: Protoplanetary Disks, Stars: Imaging, Stars: Individual: Henry Draper Number: HD 107146},
     year = 2004,
    month = dec,
   volume = 617,
    pages = {L147-L150},
      doi = {10.1086/427434},
   adsurl = {http://adsabs.harvard.edu/abs/2004ApJ...617L.147A},
  adsnote = {Provided by the SAO/NASA Astrophysics Data System}
}

@INPROCEEDINGS{Auma84,
   author = {{Aumann}, H.~H.},
    title = "{IRAS Observations of Nearby Main-Sequence Dwarfs}",
booktitle = {Bulletin of the American Astronomical Society},
     year = 1984,
   series = {Bulletin of the American Astronomical Society},
   volume = 16,
    month = mar,
    pages = {483},
   adsurl = {http://adsabs.harvard.edu/abs/1984BAAS...16..483A},
  adsnote = {Provided by the SAO/NASA Astrophysics Data System}
}%http://articles.adsabs.harvard.edu/cgi-bin/nph-iarticle_query?1984BAAS...16..483A&amp;data_type=PDF_HIGH&amp;whole_paper=YES&amp;type=PRINTER&amp;filetype=.pdf

@ARTICLE{Berg09,
   author = {{Bergin}, E.~A.},
    title = "{The Chemical Evolution of Protoplanetary Disks}",
  journal = {ArXiv e-prints},
archivePrefix = "arXiv",
   eprint = {0908.3708},
 primaryClass = "astro-ph.EP",
 keywords = {Astrophysics - Earth and Planetary Astrophysics, Astrophysics - Solar and Stellar Astrophysics},
     year = 2009,
    month = aug,
   adsurl = {http://adsabs.harvard.edu/abs/2009arXiv0908.3708B},
  adsnote = {Provided by the SAO/NASA Astrophysics Data System}
}


@ARTICLE{Beus94,
   author = {{Beust}, H. and {Vidal-Madjar}, A. and {Ferlet}, R. and {Lagrange-Henri}, A.~M.
	},
    title = "{Cometary-like bodies in the protoplanetary disk around beta Pictoris}",
  journal = {\apss},
 keywords = {Comets, Extrasolar Planets, Stellar Envelopes, Stellar Mass Accretion, Calcium, Line Spectra, Signature Analysis, Spectral Signatures, Stellar Models, Ultraviolet Spectra},
     year = 1994,
    month = feb,
   volume = 212,
    pages = {147-157},
      doi = {10.1007/BF00984518},
   adsurl = {http://adsabs.harvard.edu/abs/1994Ap%26SS.212..147B},
  adsnote = {Provided by the SAO/NASA Astrophysics Data System}
}


@ARTICLE{Bink14,
   author = {{Binks}, A.~S. and {Jeffries}, R.~D.},
    title = "{A lithium depletion boundary age of 21 Myr for the Beta Pictoris moving group}",
  journal = {\mnras},
archivePrefix = "arXiv",
   eprint = {1310.2613},
 primaryClass = "astro-ph.SR",
 keywords = {stars: kinematics and dynamics, stars: late-type, stars: pre-main sequence, open clusters and associations: individual: Beta Pictoris, solar neighbourhood},
     year = 2014,
    month = feb,
   volume = 438,
    pages = {L11-L15},
      doi = {10.1093/mnrasl/slt141},
   adsurl = {http://adsabs.harvard.edu/abs/2014MNRAS.438L..11B},
  adsnote = {Provided by the SAO/NASA Astrophysics Data System}
}

@ARTICLE{Blum08,
   author = {{Blum}, J. and {Wurm}, G.},
    title = "{The Growth Mechanisms of Macroscopic Bodies in Protoplanetary Disks}",
  journal = {\araa},
     year = 2008,
    month = sep,
   volume = 46,
    pages = {21-56},
      doi = {10.1146/annurev.astro.46.060407.145152},
   adsurl = {http://adsabs.harvard.edu/abs/2008ARA%26A..46...21B},
  adsnote = {Provided by the SAO/NASA Astrophysics Data System}
}%http://www.annualreviews.org/doi/pdf/10.1146/annurev.astro.46.060407.145152

@INPROCEEDINGS{Bock94,
   author = {{Bockel{\'e}e-Morvan}, D. and {Andr{\'e}}, P. and {Colom}, P. and 
	{Colas}, F. and {Crovisier}, J. and {Despois}, D. and {Jorda}, L.
	},
    title = "{1.2 mm Continuum Observations of Vega-Type Stars at IRAM}",
booktitle = {Circumstellar Dust Disks and Planet Formation},
     year = 1994,
   editor = {{Ferlet}, R. and {Vidal-Madjar}, A.},
    pages = {341},
   adsurl = {http://adsabs.harvard.edu/abs/1994cddp.conf..341B},
  adsnote = {Provided by the SAO/NASA Astrophysics Data System}
}

@ARTICLE{Bohr83,
   author = {{Bohren}, C.~F. and {Huffman}, D.~R. and {Kam}, Z.},
    title = "{Book-Review - Absorption and Scattering of Light by Small Particles}",
  journal = {\nat},
     year = 1983,
    month = dec,
   volume = 306,
    pages = {625},
   adsurl = {http://adsabs.harvard.edu/abs/1983Natur.306..625B},
  adsnote = {Provided by the SAO/NASA Astrophysics Data System}
}

@ARTICLE{Bole12,
   author = {{Boley}, A.~C. and {Payne}, M.~J. and {Corder}, S. and {Dent}, W.~R.~F. and 
	{Ford}, E.~B. and {Shabram}, M.},
    title = "{Constraining the Planetary System of Fomalhaut Using High-resolution ALMA Observations}",
  journal = {\apjl},
archivePrefix = "arXiv",
   eprint = {1204.0007},
 primaryClass = "astro-ph.EP",
 keywords = {planetary systems, planet-disk interactions, submillimeter: planetary systems},
     year = 2012,
    month = may,
   volume = 750,
      eid = {L21},
    pages = {L21},
      doi = {10.1088/2041-8205/750/1/L21},
   adsurl = {http://adsabs.harvard.edu/abs/2012ApJ...750L..21B},
  adsnote = {Provided by the SAO/NASA Astrophysics Data System}
}

@ARTICLE{Brit07,
   author = {{Brittain}, S.~D. and {Simon}, T. and {Najita}, J.~R. and {Rettig}, T.~W.
	},
    title = "{Warm Gas in the Inner Disks around Young Intermediate-Mass Stars}",
  journal = {\apj},
   eprint = {astro-ph/0612201},
 keywords = {Accretion, Accretion Disks, Stars: Circumstellar Matter, Line: Profiles, Molecular Processes, Stars: Planetary Systems: Protoplanetary Disks, Stars: Pre-Main-Sequence},
     year = 2007,
    month = apr,
   volume = 659,
    pages = {685-704},
      doi = {10.1086/511255},
   adsurl = {http://adsabs.harvard.edu/abs/2007ApJ...659..685B},
  adsnote = {Provided by the SAO/NASA Astrophysics Data System}
}


@ARTICLE{Carm07,
   author = {{Carmona}, A. and {van den Ancker}, M.~E. and {Henning}, T. and 
	{Goto}, M. and {Fedele}, D. and {Stecklum}, B.},
    title = "{A search for near-infrared molecular hydrogen emission in the CTTS LkH{$\alpha$} 264 and the debris disk 49 Ceti}",
  journal = {\aap},
 keywords = {stars: emission-line, Be, stars: pre-main sequence, stars: planetary systems: protoplanetary disks},
     year = 2007,
    month = dec,
   volume = 476,
    pages = {853-862},
      doi = {10.1051/0004-6361:20078536},
   adsurl = {http://adsabs.harvard.edu/abs/2007A%26A...476..853C},
  adsnote = {Provided by the SAO/NASA Astrophysics Data System}
}%http://www.aanda.org/articles/aa/pdf/2007/47/aa8536-07.pdf

@ARTICLE{Cass12,
   author = {{Cassan}, A. and {Kubas}, D. and {Beaulieu}, J.-P. and {Dominik}, M. and 
	{Horne}, K. and {Greenhill}, J. and {Wambsganss}, J. and {Menzies}, J. and 
	{Williams}, A. and {J{\o}rgensen}, U.~G. and {Udalski}, A. and 
	{Bennett}, D.~P. and {Albrow}, M.~D. and {Batista}, V. and {Brillant}, S. and 
	{Caldwell}, J.~A.~R. and {Cole}, A. and {Coutures}, C. and {Cook}, K.~H. and 
	{Dieters}, S. and {Prester}, D.~D. and {Donatowicz}, J. and 
	{Fouqu{\'e}}, P. and {Hill}, K. and {Kains}, N. and {Kane}, S. and 
	{Marquette}, J.-B. and {Martin}, R. and {Pollard}, K.~R. and 
	{Sahu}, K.~C. and {Vinter}, C. and {Warren}, D. and {Watson}, B. and 
	{Zub}, M. and {Sumi}, T. and {Szyma{\'n}ski}, M.~K. and {Kubiak}, M. and 
	{Poleski}, R. and {Soszynski}, I. and {Ulaczyk}, K. and {Pietrzy{\'n}ski}, G. and 
	{Wyrzykowski}, {\L}.},
    title = "{One or more bound planets per Milky Way star from microlensing observations}",
  journal = {\nat},
archivePrefix = "arXiv",
   eprint = {1202.0903},
 primaryClass = "astro-ph.EP",
     year = 2012,
    month = jan,
   volume = 481,
    pages = {167-169},
      doi = {10.1038/nature10684},
   adsurl = {http://adsabs.harvard.edu/abs/2012Natur.481..167C},
  adsnote = {Provided by the SAO/NASA Astrophysics Data System}
}

@ARTICLE{Chen03,
   author = {{Chen}, C.~H. and {Jura}, M.},
    title = "{The Low-Velocity Wind from the Circumstellar Matter around the B9 V Star {$\sigma$} Herculis}",
  journal = {\apj},
   eprint = {astro-ph/0209076},
 keywords = {Stars: Circumstellar Matter, Stars: Planetary Systems: Formation, Stars: Individual: Constellation Name: {$\sigma$} Herculis},
     year = 2003,
    month = jan,
   volume = 582,
    pages = {443-448},
      doi = {10.1086/344589},
   adsurl = {http://adsabs.harvard.edu/abs/2003ApJ...582..443C},
  adsnote = {Provided by the SAO/NASA Astrophysics Data System}
}


@ARTICLE{Chen06,
   author = {{Chen}, C.~H. and {Sargent}, B.~A. and {Bohac}, C. and {Kim}, K.~H. and 
	{Leibensperger}, E. and {Jura}, M. and {Najita}, J. and {Forrest}, W.~J. and 
	{Watson}, D.~M. and {Sloan}, G.~C. and {Keller}, L.~D.},
    title = "{Spitzer IRS Spectroscopy of IRAS-discovered Debris Disks}",
  journal = {\apjs},
   eprint = {astro-ph/0605277},
 keywords = {Stars: Circumstellar Matter, Infrared: Stars, Stars: Planetary Systems: Formation},
     year = 2006,
    month = sep,
   volume = 166,
    pages = {351-377},
      doi = {10.1086/505751},
   adsurl = {http://adsabs.harvard.edu/abs/2006ApJS..166..351C},
  adsnote = {Provided by the SAO/NASA Astrophysics Data System}
}
%http://iopscience.iop.org/0067-0049/166/1/351/pdf/64793.web.pdf

@ARTICLE{Chia09,
   author = {{Chiang}, E. and {Kite}, E. and {Kalas}, P. and {Graham}, J.~R. and 
	{Clampin}, M.},
    title = "{Fomalhaut's Debris Disk and Planet: Constraining the Mass of Fomalhaut b from disk Morphology}",
  journal = {\apj},
archivePrefix = "arXiv",
   eprint = {0811.1985},
 keywords = {celestial mechanics, circumstellar matter, planetary systems, planetary systems: protoplanetary disks, stars: individual: Fomalhaut},
     year = 2009,
    month = mar,
   volume = 693,
    pages = {734-749},
      doi = {10.1088/0004-637X/693/1/734},
   adsurl = {http://adsabs.harvard.edu/abs/2009ApJ...693..734C},
  adsnote = {Provided by the SAO/NASA Astrophysics Data System}
}


@ARTICLE{Clos97,
   author = {{Close}, L.~M. and {Roddier}, F. and {Hora}, J.~L. and {Graves}, J.~E. and 
	{Northcott}, M. and {Roddier}, C. and {Hoffman}, W.~F. and {Dayal}, A. and 
	{Fazio}, G.~G. and {Deutsch}, L.~K.},
    title = "{Adaptive Optics Infrared Imaging Polarimetry and Optical HST Imaging of Hubble's Variable Nebula (R Monocerotis/NGC 2261): A Close Look at a Very Young Active Herbig Ae/Be Star}",
  journal = {\apj},
 keywords = {Accretion, Accretion Disks, Astrometry, Stars: Circumstellar Matter, Stars: Formation, Stars: Imaging, Stars: Individual: Constellation Name: R Monocerotis, Stars: Pre-Main-Sequence, Techniques: Image Processing},
     year = 1997,
    month = nov,
   volume = 489,
    pages = {210-221},
   adsurl = {http://adsabs.harvard.edu/abs/1997ApJ...489..210C},
  adsnote = {Provided by the SAO/NASA Astrophysics Data System}
}

@ARTICLE{Cord09,
   author = {{Corder}, S. and {Carpenter}, J.~M. and {Sargent}, A.~I. and 
	{Zauderer}, B.~A. and {Wright}, M.~C.~H. and {White}, S.~M. and 
	{Woody}, D.~P. and {Teuben}, P. and {Scott}, S.~L. and {Pound}, M.~W. and 
	{Plambeck}, R.~L. and {Lamb}, J.~W. and {Koda}, J. and {Hodges}, M. and 
	{Hawkins}, D. and {Bock}, D.~C.-J.},
    title = "{A Resolved Ring of Debris Dust around the Solar Analog HD 107146}",
  journal = {\apjl},
archivePrefix = "arXiv",
   eprint = {0811.2713},
 keywords = {circumstellar matter, planetary systems, stars: individual: HD 107146},
     year = 2009,
    month = jan,
   volume = 690,
    pages = {L65-L68},
      doi = {10.1088/0004-637X/690/1/L65},
   adsurl = {http://adsabs.harvard.edu/abs/2009ApJ...690L..65C},
  adsnote = {Provided by the SAO/NASA Astrophysics Data System}
}


@ARTICLE{Coul98,
   author = {{Coulson}, I.~M. and {Walther}, D.~M. and {Dent}, W.~R.~F.},
    title = "{Infrared and submillimetre studies of Vega-excess stars}",
  journal = {\mnras},
 keywords = {DUST, EXTINCTION, ISM: MOLECULES, INFRARED: STARS},
     year = 1998,
    month = jun,
   volume = 296,
    pages = {934-942},
      doi = {10.1046/j.1365-8711.1998.01505.x},
   adsurl = {http://adsabs.harvard.edu/abs/1998MNRAS.296..934C},
  adsnote = {Provided by the SAO/NASA Astrophysics Data System}
}
%http://articles.adsabs.harvard.edu/cgi-bin/nph-iarticle_query?1998MNRAS.296..934C&amp;data_type=PDF_HIGH&amp;whole_paper=YES&amp;type=PRINTER&amp;filetype=.pdf

@ARTICLE{Cowl69,
   author = {{Cowley}, A. and {Cowley}, C. and {Jaschek}, M. and {Jaschek}, C.
	},
    title = "{A study of the bright A stars. I. A catalogue of spectral classifications.}",
  journal = {\aj},
     year = 1969,
    month = apr,
   volume = 74,
    pages = {375-406},
      doi = {10.1086/110819},
   adsurl = {http://adsabs.harvard.edu/abs/1969AJ.....74..375C},
  adsnote = {Provided by the SAO/NASA Astrophysics Data System}
}


@ARTICLE{Dent95,
   author = {{Dent}, W.~R.~F. and {Greaves}, J.~S. and {Mannings}, V. and 
	{Coulson}, I.~M. and {Walther}, D.~M.},
    title = "{A search for molecular gas components in prototypal Vega-excess systems}",
  journal = {\mnras},
 keywords = {CIRCUMSTELLAR MATTER, ISM: MOLECULES, INFRARED: STARS},
     year = 1995,
    month = nov,
   volume = 277,
    pages = {L25-L29},
   adsurl = {http://adsabs.harvard.edu/abs/1995MNRAS.277L..25D},
  adsnote = {Provided by the SAO/NASA Astrophysics Data System}
}


@ARTICLE{Dent05,
   author = {{Dent}, W.~R.~F. and {Greaves}, J.~S. and {Coulson}, I.~M.},
    title = "{CO emission from discs around isolated HAeBe and Vega-excess stars}",
  journal = {\mnras},
   eprint = {astro-ph/0502544},
 keywords = {planetary systems: proto planetary discs, submillimetre},
     year = 2005,
    month = may,
   volume = 359,
    pages = {663-676},
      doi = {10.1111/j.1365-2966.2005.08938.x},
   adsurl = {http://adsabs.harvard.edu/abs/2005MNRAS.359..663D},
  adsnote = {Provided by the SAO/NASA Astrophysics Data System}
}
%http://arxiv.org/pdf/astro-ph/0502544v1.pdf

@ARTICLE{Dent14,
   author = {{Dent}, W.~R.~F. and {Wyatt}, M.~C. and {Roberge}, A. and {Augereau}, J.-C. and 
	{Casassus}, S. and {Corder}, S. and {Greaves}, J.~S. and {de Gregorio-Monsalvo}, I. and 
	{Hales}, A. and {Jackson}, A.~P. and {Hughes}, A.~M. and {Lagrange}, A.-M. and 
	{Matthews}, B. and {Wilner}, D.},
    title = "{Molecular Gas Clumps from the Destruction of Icy Bodies in the {$\beta$} Pictoris Debris Disk}",
  journal = {Science},
archivePrefix = "arXiv",
   eprint = {1404.1380},
 primaryClass = "astro-ph.SR",
     year = 2014,
    month = mar,
   volume = 343,
    pages = {1490-1492},
      doi = {10.1126/science.1248726},
   adsurl = {http://adsabs.harvard.edu/abs/2014Sci...343.1490D},
  adsnote = {Provided by the SAO/NASA Astrophysics Data System}
}%http://www.sciencemag.org/content/343/6178/1490.full.pdf

@ARTICLE{Drai03,
   author = {{Draine}, B.~T.},
    title = "{Scattering by Interstellar Dust Grains. I. Optical and Ultraviolet}",
  journal = {\apj},
   eprint = {astro-ph/0304060},
 keywords = {ISM: Dust, Extinction, Polarization, Scattering, Ultraviolet: ISM},
     year = 2003,
    month = dec,
   volume = 598,
    pages = {1017-1025},
      doi = {10.1086/379118},
   adsurl = {http://adsabs.harvard.edu/abs/2003ApJ...598.1017D},
  adsnote = {Provided by the SAO/NASA Astrophysics Data System}
}%http://iopscience.iop.org/0004-637X/598/2/1017/pdf/58023.web.pdf

@ARTICLE{Desc07,
   author = {{Desch}, S.~J.},
    title = "{Mass Distribution and Planet Formation in the Solar Nebula}",
  journal = {\apj},
 keywords = {Kuiper Belt, Oort Cloud, Stars: Planetary Systems: Protoplanetary Disks, Solar System: Formation, Stars: Formation},
     year = 2007,
    month = dec,
   volume = 671,
    pages = {878-893},
      doi = {10.1086/522825},
   adsurl = {http://adsabs.harvard.edu/abs/2007ApJ...671..878D},
  adsnote = {Provided by the SAO/NASA Astrophysics Data System}
}%http://iopscience.iop.org/0004-637X/671/1/878/pdf/72046.web.pdf

@ARTICLE{Erte11,
   author = {{Ertel}, S. and {Wolf}, S. and {Metchev}, S. and {Schneider}, G. and 
	{Carpenter}, J.~M. and {Meyer}, M.~R. and {Hillenbrand}, L.~A. and 
	{Silverstone}, M.~D.},
    title = "{Multi-wavelength modeling of the spatially resolved debris disk of HD 107146}",
  journal = {\aap},
archivePrefix = "arXiv",
   eprint = {1107.1057},
 primaryClass = "astro-ph.SR",
 keywords = {stars: individual: HD 107146, techniques: high angular resolution, methods: data analysis, circumstellar matter, infrared: stars},
     year = 2011,
    month = sep,
   volume = 533,
      eid = {A132},
    pages = {A132},
      doi = {10.1051/0004-6361/201015910},
   adsurl = {http://adsabs.harvard.edu/abs/2011A%26A...533A.132E},
  adsnote = {Provided by the SAO/NASA Astrophysics Data System}
}


@ARTICLE{Fore13,
   author = {{Foreman-Mackey}, D. and {Hogg}, D.~W. and {Lang}, D. and {Goodman}, J.
	},
    title = "{emcee: The MCMC Hammer}",
  journal = {\pasp},
archivePrefix = "arXiv",
   eprint = {1202.3665},
 primaryClass = "astro-ph.IM",
 keywords = {Data Analysis and Techniques},
     year = 2013,
    month = mar,
   volume = 125,
    pages = {306-312},
      doi = {10.1086/670067},
   adsurl = {http://adsabs.harvard.edu/abs/2013PASP..125..306F},
  adsnote = {Provided by the SAO/NASA Astrophysics Data System}
}%http://arxiv.org/pdf/1202.3665v4.pdf

@article{Good10,
  title={Ensemble samplers with affine invariance},
  author={Goodman, Jonathan and Weare, Jonathan},
  journal={Communications in Applied Mathematics and Computational Science},
  volume={5},
  number={1},
  pages={65--80},
  year={2010},
  publisher={Mathematical Sciences Publishers}
}

@ARTICLE{Grah07,
   author = {{Graham}, J.~R. and {Kalas}, P.~G. and {Matthews}, B.~C.},
    title = "{The Signature of Primordial Grain Growth in the Polarized Light of the AU Microscopii Debris Disk}",
  journal = {\apj},
   eprint = {astro-ph/0609332},
 keywords = {Stars: Circumstellar Matter, ISM: Dust, Extinction, Stars: Planetary Systems: Formation, Polarization, stars: individual (AU Mic), Stars: Individual: Alphanumeric: GJ 803},
     year = 2007,
    month = jan,
   volume = 654,
    pages = {595-605},
      doi = {10.1086/509318},
   adsurl = {http://adsabs.harvard.edu/abs/2007ApJ...654..595G},
  adsnote = {Provided by the SAO/NASA Astrophysics Data System}
}

@INPROCEEDINGS{Guil99,
   author = {{Guild}, T.~B. and {Koerner}, D.~W. and {Sargent}, A.~I.},
    title = "{Mid-infrared Imaging of a Disk around the Vega-Excess Star 49 Cet}",
booktitle = {American Astronomical Society Meeting Abstracts},
     year = 1999,
   series = {Bulletin of the American Astronomical Society},
   volume = 31,
    month = dec,
    pages = {1409},
   adsurl = {http://adsabs.harvard.edu/abs/1999AAS...195.2503G},
  adsnote = {Provided by the SAO/NASA Astrophysics Data System}
}

@ARTICLE{Gutt10,
   author = {{G{\"u}ttler}, C. and {Blum}, J. and {Zsom}, A. and {Ormel}, C.~W. and 
	{Dullemond}, C.~P.},
    title = "{The outcome of protoplanetary dust growth: pebbles, boulders, or planetesimals?. I. Mapping the zoo of laboratory collision experiments}",
  journal = {\aap},
archivePrefix = "arXiv",
   eprint = {0910.4251},
 primaryClass = "astro-ph.EP",
 keywords = {accretion, accretion disks, methods: laboratory, planets and satellites: formation},
     year = 2010,
    month = apr,
   volume = 513,
      eid = {A56},
    pages = {A56},
      doi = {10.1051/0004-6361/200912852},
   adsurl = {http://adsabs.harvard.edu/abs/2010A%26A...513A..56G},
  adsnote = {Provided by the SAO/NASA Astrophysics Data System}
}

@ARTICLE{Haba05,
   author = {{Habart}, E. and {Walmsley}, M. and {Verstraete}, L. and {Cazaux}, S. and 
	{Maiolino}, R. and {Cox}, P. and {Boulanger}, F. and {Pineau des For{\^e}ts}, G.
	},
    title = "{Molecular Hydrogen}",
  journal = {\ssr},
 keywords = {molecular hydrogen, infrared: spectroscopy, molecular processes, ISM: molecules, ISM: clouds, star formation, circumstellar matter, infrared: galaxies},
     year = 2005,
    month = aug,
   volume = 119,
    pages = {71-91},
      doi = {10.1007/s11214-005-8062-1},
   adsurl = {http://adsabs.harvard.edu/abs/2005SSRv..119...71H},
  adsnote = {Provided by the SAO/NASA Astrophysics Data System}
}

@ARTICLE{Hart98,
   author = {{Hartmann}, L. and {Calvet}, N. and {Gullbring}, E. and {D'Alessio}, P.
	},
    title = "{Accretion and the Evolution of T Tauri Disks}",
  journal = {\apj},
 keywords = {ACCRETION, ACCRETION DISKS, STARS: CIRCUMSTELLAR MATTER, STARS: FORMATION, STARS: PRE-MAIN-SEQUENCE, Accretion, Accretion Disks, Stars: Circumstellar Matter, Stars: Formation, Stars: Pre-Main-Sequence},
     year = 1998,
    month = mar,
   volume = 495,
    pages = {385-400},
      doi = {10.1086/305277},
   adsurl = {http://adsabs.harvard.edu/abs/1998ApJ...495..385H},
  adsnote = {Provided by the SAO/NASA Astrophysics Data System}
}


@ARTICLE{Haya81,
   author = {{Hayashi}, C.},
    title = "{Structure of the Solar Nebula, Growth and Decay of Magnetic Fields and Effects of Magnetic and Turbulent Viscosities on the Nebula}",
  journal = {Progress of Theoretical Physics Supplement},
     year = 1981,
   volume = 70,
    pages = {35-53},
      doi = {10.1143/PTPS.70.35},
   adsurl = {http://adsabs.harvard.edu/abs/1981PThPS..70...35H},
  adsnote = {Provided by the SAO/NASA Astrophysics Data System}
}


@ARTICLE{Heap00,
   author = {{Heap}, S.~R. and {Lindler}, D.~J. and {Lanz}, T.~M. and {Cornett}, R.~H. and 
	{Hubeny}, I. and {Maran}, S.~P. and {Woodgate}, B.},
    title = "{Space Telescope Imaging Spectrograph Coronagraphic Observations of {$\beta$} Pictoris}",
  journal = {\apj},
 keywords = {Accretion, Accretion Disks, Stars: Circumstellar Matter, Stars: Planetary Systems, Stars: Imaging, stars: individual ({$\beta$} Pictoris)},
     year = 2000,
    month = aug,
   volume = 539,
    pages = {435-444},
      doi = {10.1086/309188},
   adsurl = {http://adsabs.harvard.edu/abs/2000ApJ...539..435H},
  adsnote = {Provided by the SAO/NASA Astrophysics Data System}
}

@ARTICLE{Holl98,
   author = {{Holland}, W.~S. and {Greaves}, J.~S. and {Zuckerman}, B. and 
	{Webb}, R.~A. and {McCarthy}, C. and {Coulson}, I.~M. and {Walther}, D.~M. and 
	{Dent}, W.~R.~F. and {Gear}, W.~K. and {Robson}, I.},
    title = "{Submillimetre images of dusty debris around nearby stars}",
  journal = {\nat},
     year = 1998,
    month = apr,
   volume = 392,
    pages = {788-791},
      doi = {10.1038/33874},
   adsurl = {http://adsabs.harvard.edu/abs/1998Natur.392..788H},
  adsnote = {Provided by the SAO/NASA Astrophysics Data System}
}

@BOOK{Houk88,
   author = {{Houk}, N. and {Smith-Moore}, M.},
    title = "{Michigan Catalogue of Two-dimensional Spectral Types for the HD Stars. Volume 4, Declinations -26{\deg}.0 to -12{\deg}.0.}",
booktitle = {Michigan Catalogue of Two-dimensional Spectral Types for the HD Stars.~Volume 4, Declinations -26{\deg}.0 to -12{\deg}.0..~N.~Houk, M.~Smith-Moore.Department of Astronomy, University of Michigan, Ann Arbor, MI 48109-1090, USA.~14+505 pp.~Price US 25.00 (USA, Canada), US 28.00 (Foreign) (1988).},
     year = 1988,
   adsurl = {http://adsabs.harvard.edu/abs/1988mcts.book.....H},
  adsnote = {Provided by the SAO/NASA Astrophysics Data System}
}

@ARTICLE{Howa13,
   author = {{Howard}, A.~W.},
    title = "{Observed Properties of Extrasolar Planets}",
  journal = {Science},
archivePrefix = "arXiv",
   eprint = {1305.0542},
 primaryClass = "astro-ph.EP",
     year = 2013,
    month = may,
   volume = 340,
    pages = {572-576},
      doi = {10.1126/science.1233545},
   adsurl = {http://adsabs.harvard.edu/abs/2013Sci...340..572H},
  adsnote = {Provided by the SAO/NASA Astrophysics Data System}
}

@ARTICLE{Hugh08,
   author = {{Hughes}, A.~M. and {Wilner}, D.~J. and {Kamp}, I. and {Hogerheijde}, M.~R.
	},
    title = "{A Resolved Molecular Gas Disk around the Nearby A Star 49 Ceti}",
  journal = {\apj},
archivePrefix = "arXiv",
   eprint = {0803.3481},
 keywords = {Astrochemistry, Stars: Circumstellar Matter, Stars: Planetary Systems: Protoplanetary Disks, stars: individual (49 Ceti)},
     year = 2008,
    month = jul,
   volume = 681,
    pages = {626-635},
      doi = {10.1086/588520},
   adsurl = {http://adsabs.harvard.edu/abs/2008ApJ...681..626H},
  adsnote = {Provided by the SAO/NASA Astrophysics Data System}
}
%http://arxiv.org/pdf/0803.3481v1.pdf

@ARTICLE{Hugh11,
   author = {{Hughes}, A.~M. and {Wilner}, D.~J. and {Andrews}, S.~M. and 
	{Williams}, J.~P. and {Su}, K.~Y.~L. and {Murray-Clay}, R.~A. and 
	{Qi}, C.},
    title = "{Resolved Submillimeter Observations of the HR 8799 and HD 107146 Debris Disks}",
  journal = {\apj},
archivePrefix = "arXiv",
   eprint = {1107.3153},
 primaryClass = "astro-ph.EP",
 keywords = {circumstellar matter, planetary systems, planet-disk interactions, stars: individual: HD 107146 HR 8799},
     year = 2011,
    month = oct,
   volume = 740,
      eid = {38},
    pages = {38},
      doi = {10.1088/0004-637X/740/1/38},
   adsurl = {http://adsabs.harvard.edu/abs/2011ApJ...740...38H},
  adsnote = {Provided by the SAO/NASA Astrophysics Data System}
}

@ARTICLE{Inab03,
   author = {{Inaba}, S. and {Wetherill}, G.~W. and {Ikoma}, M.},
    title = "{Formation of gas giant planets: core accretion models with fragmentation and planetary envelope}",
  journal = {\icarus},
 keywords = {structure, Jovian planets, Solar System, Planetary formation, Planetesimals},
     year = 2003,
    month = nov,
   volume = 166,
    pages = {46-62},
      doi = {10.1016/j.icarus.2003.08.001},
   adsurl = {http://adsabs.harvard.edu/abs/2003Icar..166...46I},
  adsnote = {Provided by the SAO/NASA Astrophysics Data System}
}


@ARTICLE{Jaya01,
   author = {{Jayawardhana}, R. and {Fisher}, R.~S. and {Telesco}, C.~M. and 
	{Pi{\~n}a}, R.~K. and {Barrado y Navascu{\'e}s}, D. and {Hartmann}, L.~W. and 
	{Fazio}, G.~G.},
    title = "{Mid-Infrared Imaging of Candidate Vega-like Systems}",
  journal = {\aj},
   eprint = {astro-ph/0105314},
 keywords = {Stars: Binaries: General, Stars: Circumstellar Matter, planetary systems, Stars: Early-Type, Stars: Pre-Main-Sequence},
     year = 2001,
    month = oct,
   volume = 122,
    pages = {2047-2054},
      doi = {10.1086/322092},
   adsurl = {http://adsabs.harvard.edu/abs/2001AJ....122.2047J},
  adsnote = {Provided by the SAO/NASA Astrophysics Data System}
}
%http://arxiv.org/pdf/astro-ph/0105314v1.pdf

@ARTICLE{Jura93,
   author = {{Jura}, M. and {Zuckerman}, B. and {Becklin}, E.~E. and {Smith}, R.~C.
	},
    title = "{Constraints on the Evolution of Remnant Protostellar Dust Debris around HR 4796}",
  journal = {\apjl},
 keywords = {STARS: CIRCUMSTELLAR MATTER, STARS: PLANETARY SYSTEMS},
     year = 1993,
    month = nov,
   volume = 418,
    pages = {L37},
      doi = {10.1086/187110},
   adsurl = {http://adsabs.harvard.edu/abs/1993ApJ...418L..37J},
  adsnote = {Provided by the SAO/NASA Astrophysics Data System}
}
%http://articles.adsabs.harvard.edu/cgi-bin/nph-iarticle_query?1993ApJ...418L..37J&amp;data_type=PDF_HIGH&amp;whole_paper=YES&amp;type=PRINTER&amp;filetype=.pdf

@ARTICLE{Kala04,
   author = {{Kalas}, P. and {Liu}, M.~C. and {Matthews}, B.~C.},
    title = "{Discovery of a Large Dust Disk Around the Nearby Star AU Microscopii}",
  journal = {Science},
   eprint = {astro-ph/0403132},
     year = 2004,
    month = mar,
   volume = 303,
    pages = {1990-1992},
      doi = {10.1126/science.1093420},
   adsurl = {http://adsabs.harvard.edu/abs/2004Sci...303.1990K},
  adsnote = {Provided by the SAO/NASA Astrophysics Data System}
}

@ARTICLE{Kala05,
   author = {{Kalas}, P. and {Graham}, J.~R. and {Clampin}, M.},
    title = "{A planetary system as the origin of structure in Fomalhaut's dust belt}",
  journal = {\nat},
   eprint = {astro-ph/0506574},
     year = 2005,
    month = jun,
   volume = 435,
    pages = {1067-1070},
      doi = {10.1038/nature03601},
   adsurl = {http://adsabs.harvard.edu/abs/2005Natur.435.1067K},
  adsnote = {Provided by the SAO/NASA Astrophysics Data System}
}

@article{Kass95,
  title={Bayes factors},
  author={Kass, Robert E and Raftery, Adrian E},
  journal={Journal of the American Statistical Association},
  volume={90},
  number={430},
  pages={773--795},
  year={1995},
  publisher={Taylor \& Francis Group}
}

@ARTICLE{Kenn10,
   author = {{Kennedy}, G.~M. and {Wyatt}, M.~C.},
    title = "{Are debris discs self-stirred?}",
  journal = {\mnras},
archivePrefix = "arXiv",
   eprint = {1002.3469},
 primaryClass = "astro-ph.EP",
 keywords = {circumstellar matter, planetary systems: formation, planetary systems: protoplanetary discs},
     year = 2010,
    month = jun,
   volume = 405,
    pages = {1253-1270},
      doi = {10.1111/j.1365-2966.2010.16528.x},
   adsurl = {http://adsabs.harvard.edu/abs/2010MNRAS.405.1253K},
  adsnote = {Provided by the SAO/NASA Astrophysics Data System}
}

@ARTICLE{Keny04,
   author = {{Kenyon}, S.~J. and {Bromley}, B.~C.},
    title = "{Collisional Cascades in Planetesimal Disks. II. Embedded Planets}",
  journal = {\aj},
   eprint = {astro-ph/0309540},
 keywords = {Stars: Circumstellar Matter, Stars: Planetary Systems: General, Solar System: Formation, Stars: Formation},
     year = 2004,
    month = jan,
   volume = 127,
    pages = {513-530},
      doi = {10.1086/379854},
   adsurl = {http://adsabs.harvard.edu/abs/2004AJ....127..513K},
  adsnote = {Provided by the SAO/NASA Astrophysics Data System}
}%http://iopscience.iop.org/1538-3881/127/1/513/pdf/203232.web.pdf

@ARTICLE{Keny08,
   author = {{Kenyon}, S.~J. and {Bromley}, B.~C.},
    title = "{Variations on Debris Disks: Icy Planet Formation at 30-150 AU for 1-3 M$_{solar}$ Main-Sequence Stars}",
  journal = {\apjs},
archivePrefix = "arXiv",
   eprint = {0807.1134},
 keywords = {Stars: Circumstellar Matter, Infrared: Stars, Stars: Planetary Systems, Solar System: Formation, Stars: Formation},
     year = 2008,
    month = dec,
   volume = 179,
    pages = {451-483},
      doi = {10.1086/591794},
   adsurl = {http://adsabs.harvard.edu/abs/2008ApJS..179..451K},
  adsnote = {Provided by the SAO/NASA Astrophysics Data System}
}%http://iopscience.iop.org/0067-0049/179/2/451/pdf/74330.web.pdf

@INPROCEEDINGS{Kief14,
   author = {{Kiefer}, F. and {Lecavelier des Etangs}, A. and {Vidal-Madjar}, A.
	},
    title = "{Exocomets in the disk of two young A-type stars}",
 keywords = {Exocomets, Beta Pictoris, HD172555},
booktitle = {SF2A-2014: Proceedings of the Annual meeting of the French Society of Astronomy and Astrophysics},
     year = 2014,
   editor = {{Ballet}, J. and {Martins}, F. and {Bournaud}, F. and {Monier}, R. and 
	{Reyl{\'e}}, C.},
    month = dec,
    pages = {39-43},
   adsurl = {http://adsabs.harvard.edu/abs/2014sf2a.conf...39K},
  adsnote = {Provided by the SAO/NASA Astrophysics Data System}
}


@ARTICLE{Kris05,
   author = {{Krist}, J.~E. and {Ardila}, D.~R. and {Golimowski}, D.~A. and 
	{Clampin}, M. and {Ford}, H.~C. and {Illingworth}, G.~D. and 
	{Hartig}, G.~F. and {Bartko}, F. and {Ben{\'{\i}}tez}, N. and 
	{Blakeslee}, J.~P. and {Bouwens}, R.~J. and {Bradley}, L.~D. and 
	{Broadhurst}, T.~J. and {Brown}, R.~A. and {Burrows}, C.~J. and 
	{Cheng}, E.~S. and {Cross}, N.~J.~G. and {Demarco}, R. and {Feldman}, P.~D. and 
	{Franx}, M. and {Goto}, T. and {Gronwall}, C. and {Holden}, B. and 
	{Homeier}, N. and {Infante}, L. and {Kimble}, R.~A. and {Lesser}, M.~P. and 
	{Martel}, A.~R. and {Mei}, S. and {Menanteau}, F. and {Meurer}, G.~R. and 
	{Miley}, G.~K. and {Motta}, V. and {Postman}, M. and {Rosati}, P. and 
	{Sirianni}, M. and {Sparks}, W.~B. and {Tran}, H.~D. and {Tsvetanov}, Z.~I. and 
	{White}, R.~L. and {Zheng}, W.},
    title = "{Hubble Space Telescope Advanced Camera for Surveys Coronagraphic Imaging of the AU Microscopii Debris Disk}",
  journal = {\aj},
 keywords = {Stars: Circumstellar Matter, Stars: Individual: Constellation Name: AU Microscopii},
     year = 2005,
    month = feb,
   volume = 129,
    pages = {1008-1017},
      doi = {10.1086/426755},
   adsurl = {http://adsabs.harvard.edu/abs/2005AJ....129.1008K},
  adsnote = {Provided by the SAO/NASA Astrophysics Data System}
}

@ARTICLE{Kris10,
   author = {{Krist}, J.~E. and {Stapelfeldt}, K.~R. and {Bryden}, G. and 
	{Rieke}, G.~H. and {Su}, K.~Y.~L. and {Chen}, C.~C. and {Beichman}, C.~A. and 
	{Hines}, D.~C. and {Rebull}, L.~M. and {Tanner}, A. and {Trilling}, D.~E. and 
	{Clampin}, M. and {G{\'a}sp{\'a}r}, A.},
    title = "{HST and Spitzer Observations of the HD 207129 Debris Ring}",
  journal = {\aj},
archivePrefix = "arXiv",
   eprint = {1008.2793},
 primaryClass = "astro-ph.SR",
 keywords = {circumstellar matter, stars: individual: HD 207129 HD 10472 HD 21997 HD 38206 HD 82943 HD 113556 HD 138965 HD 211415},
     year = 2010,
    month = oct,
   volume = 140,
    pages = {1051-1061},
      doi = {10.1088/0004-6256/140/4/1051},
   adsurl = {http://adsabs.harvard.edu/abs/2010AJ....140.1051K},
  adsnote = {Provided by the SAO/NASA Astrophysics Data System}
}

@ARTICLE{Kriv09,
   author = {{Krivov}, A.~V. and {Herrmann}, F. and {Brandeker}, A. and {Th{\'e}bault}, P.
	},
    title = "{Can gas in young debris disks be constrained by their radial brightness profiles?}",
  journal = {\aap},
archivePrefix = "arXiv",
   eprint = {0909.4225},
 primaryClass = "astro-ph.EP",
 keywords = {planetary systems: formation, circumstellar matter, stars: individual: {$\beta$} Pic, stars: individual: HD 32297, stars: individual: AU Mic, celestial mechanics},
     year = 2009,
    month = dec,
   volume = 507,
    pages = {1503-1516},
      doi = {10.1051/0004-6361/200912917},
   adsurl = {http://adsabs.harvard.edu/abs/2009A%26A...507.1503K},
  adsnote = {Provided by the SAO/NASA Astrophysics Data System}
}


@ARTICLE{Kosp13,
   author = {{K{\'o}sp{\'a}l}, {\'A}. and {Mo{\'o}r}, A. and {Juh{\'a}sz}, A. and 
	{{\'A}brah{\'a}m}, P. and {Apai}, D. and {Csengeri}, T. and 
	{Grady}, C.~A. and {Henning}, T. and {Hughes}, A.~M. and {Kiss}, C. and 
	{Pascucci}, I. and {Schmalzl}, M.},
    title = "{ALMA Observations of the Molecular Gas in the Debris Disk of the 30 Myr Old Star HD 21997}",
  journal = {\apj},
archivePrefix = "arXiv",
   eprint = {1310.5068},
 primaryClass = "astro-ph.SR",
 keywords = {circumstellar matter, infrared: stars, stars: individual: HD 21997},
     year = 2013,
    month = oct,
   volume = 776,
      eid = {77},
    pages = {77},
      doi = {10.1088/0004-637X/776/2/77},
   adsurl = {http://adsabs.harvard.edu/abs/2013ApJ...776...77K},
  adsnote = {Provided by the SAO/NASA Astrophysics Data System}
}
%http://arxiv.org/pdf/1310.5068v1.pdf << THIS IS THE GAS PAPER

@ARTICLE{Levi03,
   author = {{Levison}, H.~F. and {Morbidelli}, A.},
    title = "{The formation of the Kuiper belt by the outward transport of bodies during Neptune's migration}",
  journal = {\nat},
     year = 2003,
    month = nov,
   volume = 426,
    pages = {419-421},
   adsurl = {http://adsabs.harvard.edu/abs/2003Natur.426..419L},
  adsnote = {Provided by the SAO/NASA Astrophysics Data System}
}


@ARTICLE{Lidd07,
   author = {{Liddle}, A.~R.},
    title = "{Information criteria for astrophysical model selection}",
  journal = {\mnras},
   eprint = {astro-ph/0701113},
 keywords = {methods: data analysis, methods: statistical, cosmology: theory},
     year = 2007,
    month = may,
   volume = 377,
    pages = {L74-L78},
      doi = {10.1111/j.1745-3933.2007.00306.x},
   adsurl = {http://adsabs.harvard.edu/abs/2007MNRAS.377L..74L},
  adsnote = {Provided by the SAO/NASA Astrophysics Data System}
}

@ARTICLE{Macg13,
   author = {{MacGregor}, M.~A. and {Wilner}, D.~J. and {Rosenfeld}, K.~A. and 
	{Andrews}, S.~M. and {Matthews}, B. and {Hughes}, A.~M. and 
	{Booth}, M. and {Chiang}, E. and {Graham}, J.~R. and {Kalas}, P. and 
	{Kennedy}, G. and {Sibthorpe}, B.},
    title = "{Millimeter Emission Structure in the First ALMA Image of the AU Mic Debris Disk}",
  journal = {\apjl},
archivePrefix = "arXiv",
   eprint = {1211.5148},
 primaryClass = "astro-ph.EP",
 keywords = {circumstellar matter, planet-disk interactions, stars: individual: AU Microscopii, submillimeter: planetary systems},
     year = 2013,
    month = jan,
   volume = 762,
      eid = {L21},
    pages = {L21},
      doi = {10.1088/2041-8205/762/2/L21},
   adsurl = {http://adsabs.harvard.edu/abs/2013ApJ...762L..21M},
  adsnote = {Provided by the SAO/NASA Astrophysics Data System}
}


@INPROCEEDINGS{Mama09,
   author = {{Mamajek}, E.~E.},
    title = "{Initial Conditions of Planet Formation: Lifetimes of Primordial Disks}",
 keywords = {Circumstellar shells clouds and expanding envelopes, circumstellar masers, Stellar clusters and associations, Origin and evolution, Protogalaxies, primordial galaxies, Photometric polarimetric and spectroscopic instrumentation},
booktitle = {American Institute of Physics Conference Series},
     year = 2009,
   series = {American Institute of Physics Conference Series},
   volume = 1158,
archivePrefix = "arXiv",
   eprint = {0906.5011},
 primaryClass = "astro-ph.EP",
   editor = {{Usuda}, T. and {Tamura}, M. and {Ishii}, M.},
    month = aug,
    pages = {3-10},
      doi = {10.1063/1.3215910},
   adsurl = {http://adsabs.harvard.edu/abs/2009AIPC.1158....3M},
  adsnote = {Provided by the SAO/NASA Astrophysics Data System}
}%http://arxiv.org/pdf/0906.5011v1.pdf

@ARTICLE{Mill14,
   author = {{Milli}, J. and {Lagrange}, A.-M. and {Mawet}, D. and {Absil}, O. and 
	{Augereau}, J.-C. and {Mouillet}, D. and {Boccaletti}, A. and 
	{Girard}, J.~H. and {Chauvin}, G.},
    title = "{Very deep images of the innermost regions of the {$\beta$} Pictoris debris disc at L'}",
  journal = {\aap},
archivePrefix = "arXiv",
   eprint = {1405.2536},
 primaryClass = "astro-ph.EP",
 keywords = {techniques: high angular resolution, planets and satellites: individual: {$\beta$}Pictoris b, stars: individual: {$\beta$}Pictoris, planetary systems},
     year = 2014,
    month = jun,
   volume = 566,
      eid = {A91},
    pages = {A91},
      doi = {10.1051/0004-6361/201323130},
   adsurl = {http://adsabs.harvard.edu/abs/2014A%26A...566A..91M},
  adsnote = {Provided by the SAO/NASA Astrophysics Data System}
}

@ARTICLE{Moor11,
   author = {{Mo{\'o}r}, A. and {{\'A}brah{\'a}m}, P. and {Juh{\'a}sz}, A. and 
	{Kiss}, C. and {Pascucci}, I. and {K{\'o}sp{\'a}l}, {\'A}. and 
	{Apai}, D. and {Henning}, T. and {Csengeri}, T. and {Grady}, C.
	},
    title = "{Molecular Gas in Young Debris Disks}",
  journal = {\apjl},
archivePrefix = "arXiv",
   eprint = {1109.2299},
 primaryClass = "astro-ph.SR",
 keywords = {circumstellar matter, infrared: stars, stars: individual: HD21997},
     year = 2011,
    month = oct,
   volume = 740,
      eid = {L7},
    pages = {L7},
      doi = {10.1088/2041-8205/740/1/L7},
   adsurl = {http://adsabs.harvard.edu/abs/2011ApJ...740L...7M},
  adsnote = {Provided by the SAO/NASA Astrophysics Data System}
}
%http://iopscience.iop.org/2041-8205/740/1/L7/pdf/apjl_740_1_7.pdf



@ARTICLE{Moor13,
   author = {{Mo{\'o}r}, A. and {Juh{\'a}sz}, A. and {K{\'o}sp{\'a}l}, {\'A}. and 
	{{\'A}brah{\'a}m}, P. and {Apai}, D. and {Csengeri}, T. and 
	{Grady}, C. and {Henning}, T. and {Hughes}, A.~M. and {Kiss}, C. and 
	{Pascucci}, I. and {Schmalzl}, M. and {Gab{\'a}nyi}, K.},
    title = "{ALMA Continuum Observations of a 30 Myr Old Gaseous Debris Disk around HD 21997}",
  journal = {\apjl},
archivePrefix = "arXiv",
   eprint = {1310.5069},
 primaryClass = "astro-ph.SR",
 keywords = {circumstellar matter, infrared: stars, stars: individual: HD 21997},
     year = 2013,
    month = nov,
   volume = 777,
      eid = {L25},
    pages = {L25},
      doi = {10.1088/2041-8205/777/2/L25},
   adsurl = {http://adsabs.harvard.edu/abs/2013ApJ...777L..25M},
  adsnote = {Provided by the SAO/NASA Astrophysics Data System}
}%http://arxiv.org/pdf/1310.5069v1.pdf <<DUST

@ARTICLE{Moor15,
   author = {{Mo{\'o}r}, A. and {K{\'o}sp{\'a}l}, {\'A}. and {{\'A}brah{\'a}m}, P. and 
	{Apai}, D. and {Balog}, Z. and {Grady}, C. and {Henning}, T. and 
	{Juh{\'a}sz}, A. and {Kiss}, C. and {Krivov}, A.~V. and {Pawellek}, N. and 
	{Szab{\'o}}, G.~M.},
    title = "{Stirring in massive, young debris discs from spatially resolved Herschel images}",
  journal = {\mnras},
archivePrefix = "arXiv",
   eprint = {1411.5829},
 primaryClass = "astro-ph.SR",
 keywords = {circumstellar matter, stars: individual: HD 9672, stars: individual: HD 16743, stars: individual: HD 21997, stars: individual: HD 95086, infrared: stars},
     year = 2015,
    month = feb,
   volume = 447,
    pages = {577-597},
      doi = {10.1093/mnras/stu2442},
   adsurl = {http://adsabs.harvard.edu/abs/2015MNRAS.447..577M},
  adsnote = {Provided by the SAO/NASA Astrophysics Data System}
}

@ARTICLE{Must09,
   author = {{Mustill}, A.~J. and {Wyatt}, M.~C.},
    title = "{Debris disc stirring by secular perturbations from giant planets}",
  journal = {\mnras},
archivePrefix = "arXiv",
   eprint = {0907.1389},
 primaryClass = "astro-ph.EP",
 keywords = {circumstellar matter , planetary systems: formation , stars: individual: {$\epsilon$} Eridani , stars: individual: Fomalhaut , planetary systems: protoplanetary discs},
     year = 2009,
    month = nov,
   volume = 399,
    pages = {1403-1414},
      doi = {10.1111/j.1365-2966.2009.15360.x},
   adsurl = {http://adsabs.harvard.edu/abs/2009MNRAS.399.1403M},
  adsnote = {Provided by the SAO/NASA Astrophysics Data System}
}%http://mnras.oxfordjournals.org/content/399/3/1403.full.pdf

@ARTICLE{Natt07,
   author = {{Natta}, A. and {Testi}, L. and {Calvet}, N. and {Henning}, T. and 
	{Waters}, R. and {Wilner}, D.},
    title = "{Dust in Protoplanetary Disks: Properties and Evolution}",
  journal = {Protostars and Planets V},
   eprint = {astro-ph/0602041},
     year = 2007,
    pages = {767-781},
   adsurl = {http://adsabs.harvard.edu/abs/2007prpl.conf..767N},
  adsnote = {Provided by the SAO/NASA Astrophysics Data System}
}%http://www.ita.uni-heidelberg.de/research/klessen/internal/pp5/sec8-2.pdf

@ARTICLE{Part15,
   author = {{Partnership}, A. and {Brogan}, C.~L. and {Perez}, L.~M. and 
	{Hunter}, T.~R. and {Dent}, W.~R.~F. and {Hales}, A.~S. and 
	{Hills}, R. and {Corder}, S. and {Fomalont}, E.~B. and {Vlahakis}, C. and 
	{Asaki}, Y. and {Barkats}, D. and {Hirota}, A. and {Hodge}, J.~A. and 
	{Impellizzeri}, C.~M.~V. and {Kneissl}, R. and {Liuzzo}, E. and 
	{Lucas}, R. and {Marcelino}, N. and {Matsushita}, S. and {Nakanishi}, K. and 
	{Phillips}, N. and {Richards}, A.~M.~S. and {Toledo}, I. and 
	{Aladro}, R. and {Broguiere}, D. and {Cortes}, J.~R. and {Cortes}, P.~C. and 
	{Dhawan}, V. and {Espada}, D. and {Galarza}, F. and {Garcia-Appadoo}, D. and 
	{Guzman-Ramirez}, L. and {Humphreys}, E.~M. and {Jung}, T. and 
	{Kameno}, S. and {Laing}, R.~A. and {Leon}, S. and {Marconi}, G. and 
	{Nikolic}, B. and {Nyman}, L.-A. and {Radiszcz}, M. and {Remijan}, A. and 
	{Rodon}, J.~A. and {Sawada}, T. and {Takahashi}, S. and {Tilanus}, R.~P.~J. and 
	{Vila Vilaro}, B. and {Watson}, L.~C. and {Wiklind}, T. and 
	{Akiyama}, E. and {Chapillon}, E. and {de Gregorio}, I. and 
	{Di Francesco}, J. and {Gueth}, F. and {Kawamura}, A. and {Lee}, C.-F. and 
	{Nguyen Luong}, Q. and {Mangum}, J. and {Pietu}, V. and {Sanhueza}, P. and 
	{Saigo}, K. and {Takakuwa}, S. and {Ubach}, C. and {van Kempen}, T. and 
	{Wootten}, A. and {Castro-Carrizo}, A. and {Francke}, H. and 
	{Gallardo}, J. and {Garcia}, J. and {Gonzalez}, S. and {Hill}, T. and 
	{Kaminski}, T. and {Kurono}, Y. and {Liu}, H.-Y. and {Lopez}, C. and 
	{Morales}, F. and {Plarre}, K. and {Schieven}, G. and {Testi}, L. and 
	{Videla}, L. and {Villard}, E. and {Andreani}, P. and {Hibbard}, J.~E. and 
	{Tatematsu}, K.},
    title = "{First Results from High Angular Resolution ALMA Observations Toward the HL Tau Region}",
  journal = {ArXiv e-prints},
archivePrefix = "arXiv",
   eprint = {1503.02649},
 primaryClass = "astro-ph.SR",
 keywords = {Astrophysics - Solar and Stellar Astrophysics},
     year = 2015,
    month = mar,
   adsurl = {http://adsabs.harvard.edu/abs/2015arXiv150302649P},
  adsnote = {Provided by the SAO/NASA Astrophysics Data System}
}%http://arxiv.org/pdf/1503.02649v2.pdf

@ARTICLE{Papo83,
   author = {{Papoular}, R. and {Pegourie}, B.},
    title = "{The IR silicate features as a measure of grain size in circumstellar dust}",
  journal = {\aap},
 keywords = {Grain Size, Infrared Spectra, M Stars, Particle Size Distribution, Silicates, Stellar Envelopes, Stellar Spectra, Cosmic Dust, Granular Materials, Stellar Spectrophotometry, Supergiant Stars},
     year = 1983,
    month = dec,
   volume = 128,
    pages = {335-346},
   adsurl = {http://adsabs.harvard.edu/abs/1983A%26A...128..335P},
  adsnote = {Provided by the SAO/NASA Astrophysics Data System}
}

@ARTICLE{Poll86,
   author = {{Pollack}, J.~B. and {Podolak}, M. and {Bodenheimer}, P. and 
	{Christofferson}, B.},
    title = "{Planetesimal dissolution in the envelopes of the forming, giant planets}",
  journal = {\icarus},
 keywords = {Gas Giant Planets, Planetary Atmospheres, Planetary Evolution, Protoplanets, Astronomical Models, Gas-Gas Interactions, Planetary Composition, Planetary Cores, Solar Corona},
     year = 1986,
    month = sep,
   volume = 67,
    pages = {409-443},
      doi = {10.1016/0019-1035(86)90123-5},
   adsurl = {http://adsabs.harvard.edu/abs/1986Icar...67..409P},
  adsnote = {Provided by the SAO/NASA Astrophysics Data System}
}


@ARTICLE{Poll96,
   author = {{Pollack}, J.~B. and {Hubickyj}, O. and {Bodenheimer}, P. and 
	{Lissauer}, J.~J. and {Podolak}, M. and {Greenzweig}, Y.},
    title = "{Formation of the Giant Planets by Concurrent Accretion of Solids and Gas}",
  journal = {\icarus},
     year = 1996,
    month = nov,
   volume = 124,
    pages = {62-85},
      doi = {10.1006/icar.1996.0190},
   adsurl = {http://adsabs.harvard.edu/abs/1996Icar..124...62P},
  adsnote = {Provided by the SAO/NASA Astrophysics Data System}
}

@ARTICLE{Raym05,
   author = {{Raymond}, S.~N. and {Quinn}, T. and {Lunine}, J.~I.},
    title = "{Terrestrial Planet Formation in Disks with Varying Surface Density Profiles}",
  journal = {\apj},
   eprint = {astro-ph/0507004},
 keywords = {Astrobiology, Methods: n-Body Simulations, Planets and Satellites: Formation},
     year = 2005,
    month = oct,
   volume = 632,
    pages = {670-676},
      doi = {10.1086/433179},
   adsurl = {http://adsabs.harvard.edu/abs/2005ApJ...632..670R},
  adsnote = {Provided by the SAO/NASA Astrophysics Data System}
}


@ARTICLE{Redf07,
   author = {{Redfield}, S.},
    title = "{Gas Absorption Detected from the Edge-on Debris Disk Surrounding HD 32297}",
  journal = {\apjl},
   eprint = {astro-ph/0701116},
 keywords = {Stars: Circumstellar Matter, ISM: Structure, Line: Profiles, Stars: Planetary Systems: Protoplanetary Disks, Stars: Early-Type, stars: individual (HD 32297)},
     year = 2007,
    month = feb,
   volume = 656,
    pages = {L97-L100},
      doi = {10.1086/512237},
   adsurl = {http://adsabs.harvard.edu/abs/2007ApJ...656L..97R},
  adsnote = {Provided by the SAO/NASA Astrophysics Data System}
}

@ARTICLE{Rhee07,
   author = {{Rhee}, J.~H. and {Song}, I. and {Zuckerman}, B. and {McElwain}, M.
	},
    title = "{Characterization of Dusty Debris Disks: The IRAS and Hipparcos Catalogs}",
  journal = {\apj},
   eprint = {astro-ph/0609555},
 keywords = {Infrared: Stars, Stars: Planetary Systems: Protoplanetary Disks},
     year = 2007,
    month = may,
   volume = 660,
    pages = {1556-1571},
      doi = {10.1086/509912},
   adsurl = {http://adsabs.harvard.edu/abs/2007ApJ...660.1556R},
  adsnote = {Provided by the SAO/NASA Astrophysics Data System}
}%http://arxiv.org/abs/astro-ph/0609555

@ARTICLE{Rica13,
   author = {{Ricarte}, A. and {Moldvai}, N. and {Hughes}, A.~M. and {Duch{\^e}ne}, G. and 
	{Williams}, J.~P. and {Andrews}, S.~M. and {Wilner}, D.~J.},
    title = "{Resolving the Moth at Millimeter Wavelengths}",
  journal = {\apj},
archivePrefix = "arXiv",
   eprint = {1307.3560},
 primaryClass = "astro-ph.SR",
 keywords = {circumstellar matter, stars: individual: HD 61005, submillimeter: planetary systems },
     year = 2013,
    month = sep,
   volume = 774,
      eid = {80},
    pages = {80},
      doi = {10.1088/0004-637X/774/1/80},
   adsurl = {http://adsabs.harvard.edu/abs/2013ApJ...774...80R},
  adsnote = {Provided by the SAO/NASA Astrophysics Data System}
}

@ARTICLE{Ricc12,
   author = {{Ricci}, L. and {Testi}, L. and {Maddison}, S.~T. and {Wilner}, D.~J.
	},
    title = "{Fomalhaut debris disk emission at 7 millimeters: constraints on the collisional models of planetesimals}",
  journal = {\aap},
archivePrefix = "arXiv",
   eprint = {1201.3383},
 primaryClass = "astro-ph.GA",
 keywords = {submillimeter: planetary systems, circumstellar matter},
     year = 2012,
    month = mar,
   volume = 539,
      eid = {L6},
    pages = {L6},
      doi = {10.1051/0004-6361/201118524},
   adsurl = {http://adsabs.harvard.edu/abs/2012A%26A...539L...6R},
  adsnote = {Provided by the SAO/NASA Astrophysics Data System}
}


@ARTICLE{Ricc15,
   author = {{Ricci}, L. and {Carpenter}, J.~M. and {Fu}, B. and {Hughes}, A.~M. and 
	{Corder}, S. and {Isella}, A.},
    title = "{ALMA Observations of the Debris Disk around the Young Solar Analog HD 107146}",
  journal = {\apj},
archivePrefix = "arXiv",
   eprint = {1410.8265},
 primaryClass = "astro-ph.EP",
 keywords = {circumstellar matter, planets and satellites: formation, stars: individual: HD 107146, submillimeter: stars},
     year = 2015,
    month = jan,
   volume = 798,
      eid = {124},
    pages = {124},
      doi = {10.1088/0004-637X/798/2/124},
   adsurl = {http://adsabs.harvard.edu/abs/2015ApJ...798..124R},
  adsnote = {Provided by the SAO/NASA Astrophysics Data System}
}


@ARTICLE{Robi07,
   author = {{Robitaille}, T.~P. and {Whitney}, B.~A. and {Indebetouw}, R. and 
	{Wood}, K.},
    title = "{Interpreting Spectral Energy Distributions from Young Stellar Objects. II. Fitting Observed SEDs Using a Large Grid of Precomputed Models}",
  journal = {\apjs},
   eprint = {astro-ph/0612690},
 keywords = {Stars: Circumstellar Matter, Infrared: Stars, Radiative Transfer, Stars: Formation, Stars: Pre-Main-Sequence},
     year = 2007,
    month = apr,
   volume = 169,
    pages = {328-352},
      doi = {10.1086/512039},
   adsurl = {http://adsabs.harvard.edu/abs/2007ApJS..169..328R},
  adsnote = {Provided by the SAO/NASA Astrophysics Data System}
}

@ARTICLE{Robe00,
   author = {{Roberge}, A. and {Feldman}, P.~D. and {Lagrange}, A.~M. and 
	{Vidal-Madjar}, A. and {Ferlet}, R. and {Jolly}, A. and {Lemaire}, J.~L. and 
	{Rostas}, F.},
    title = "{High-Resolution Hubble Space Telescope STIS Spectra of C I and CO in the{$\beta$} Pictoris Circumstellar Disk}",
  journal = {\apj},
   eprint = {astro-ph/0003446},
 keywords = {Stars: Circumstellar Matter, Comets: General, Stars: Planetary Systems, Stars: Individual: Constellation Name: {$\beta$} Pictoris},
     year = 2000,
    month = aug,
   volume = 538,
    pages = {904-910},
      doi = {10.1086/309157},
   adsurl = {http://adsabs.harvard.edu/abs/2000ApJ...538..904R},
  adsnote = {Provided by the SAO/NASA Astrophysics Data System}
}

@ARTICLE{Robe05,
   author = {{Roberge}, A. and {Weinberger}, A.~J. and {Redfield}, S. and 
	{Feldman}, P.~D.},
    title = "{Rapid Dissipation of Primordial Gas from the AU Microscopii Debris Disk}",
  journal = {\apjl},
   eprint = {astro-ph/0505302},
 keywords = {Stars: Planetary Systems: Protoplanetary Disks, Stars: Individual: Henry Draper Number: HD 197481, Stars: Individual: Alphanumeric: GJ 803, Stars: Individual: Constellation Name: AU Microscopii, Stars: Low-Mass, Brown Dwarfs},
     year = 2005,
    month = jun,
   volume = 626,
    pages = {L105-L108},
      doi = {10.1086/431899},
   adsurl = {http://adsabs.harvard.edu/abs/2005ApJ...626L.105R},
  adsnote = {Provided by the SAO/NASA Astrophysics Data System}
}


@ARTICLE{Robe13,
   author = {{Roberge}, A. and {Kamp}, I. and {Montesinos}, B. and {Dent}, W.~R.~F. and 
	{Meeus}, G. and {Donaldson}, J.~K. and {Olofsson}, J. and {Mo{\'o}r}, A. and 
	{Augereau}, J.-C. and {Howard}, C. and {Eiroa}, C. and {Thi}, W.-F. and 
	{Ardila}, D.~R. and {Sandell}, G. and {Woitke}, P.},
    title = "{Herschel Observations of Gas and Dust in the Unusual 49 Ceti Debris Disk}",
  journal = {\apj},
archivePrefix = "arXiv",
   eprint = {1305.2894},
 primaryClass = "astro-ph.EP",
 keywords = {circumstellar matter, Kuiper belt: general, protoplanetary disks, stars: individual: 49 Ceti},
     year = 2013,
    month = jul,
   volume = 771,
      eid = {69},
    pages = {69},
      doi = {10.1088/0004-637X/771/1/69},
   adsurl = {http://adsabs.harvard.edu/abs/2013ApJ...771...69R},
  adsnote = {Provided by the SAO/NASA Astrophysics Data System}
}%http://iopscience.iop.org/0004-637X/771/1/69/pdf/apj_771_1_69.pdf

@ARTICLE{Robe14,
   author = {{Roberge}, A. and {Welsh}, B.~Y. and {Kamp}, I. and {Weinberger}, A.~J. and 
	{Grady}, C.~A.},
    title = "{Volatile-rich Circumstellar Gas in the Unusual 49 Ceti Debris Disk}",
  journal = {\apjl},
archivePrefix = "arXiv",
   eprint = {1410.6542},
 primaryClass = "astro-ph.EP",
 keywords = {circumstellar matter, Kuiper belt: general, protoplanetary disks, stars: individual: 49 Ceti },
     year = 2014,
    month = nov,
   volume = 796,
      eid = {L11},
    pages = {L11},
      doi = {10.1088/2041-8205/796/1/L11},
   adsurl = {http://adsabs.harvard.edu/abs/2014ApJ...796L..11R},
  adsnote = {Provided by the SAO/NASA Astrophysics Data System}
}
%http://iopscience.iop.org/2041-8205/796/1/L11/pdf/apjl_796_1_11.pdf

@ARTICLE{Sada86,
   author = {{Sadakane}, K. and {Nishida}, M.},
    title = "{Twelve additional 'Vega-like' stars}",
  journal = {\pasp},
 keywords = {Brightness, Cool Stars, Infrared Astronomy Satellite, Infrared Radiation, Lyra Constellation, A Stars, Binary Stars, Protoplanets, Stellar Luminosity, Stellar Spectra},
     year = 1986,
    month = jul,
   volume = 98,
    pages = {685-689},
      doi = {10.1086/131813},
   adsurl = {http://adsabs.harvard.edu/abs/1986PASP...98..685S},
  adsnote = {Provided by the SAO/NASA Astrophysics Data System}
}
%http://articles.adsabs.harvard.edu/cgi-bin/nph-iarticle_query?1986PASP...98..685S&amp;data_type=PDF_HIGH&amp;whole_paper=YES&amp;type=PRINTER&amp;filetype=.pdf

@ARTICLE{Schw78_clean,
   author = {{Schwarz}, U.~J.},
    title = "{Mathematical-statistical Description of the Iterative Beam Removing Technique (Method CLEAN)}",
  journal = {\aap},
     year = 1978,
    month = apr,
   volume = 65,
    pages = {345},
   adsurl = {http://adsabs.harvard.edu/abs/1978A26A....65..345S},
  adsnote = {Provided by the SAO/NASA Astrophysics Data System}
}

@article{Schw78_BIC,
  title={Estimating the dimension of a model},
  author={Schwarz, Gideon and others},
  journal={The annals of statistics},
  volume={6},
  number={2},
  pages={461--464},
  year={1978},
  publisher={Institute of Mathematical Statistics}
}

@ARTICLE{Shak73,
   author = {{Shakura}, N.~I. and {Sunyaev}, R.~A.},
    title = "{Black holes in binary systems. Observational appearance.}",
  journal = {\aap},
     year = 1973,
   volume = 24,
    pages = {337-355},
   adsurl = {http://adsabs.harvard.edu/abs/1973A%26A....24..337S},
  adsnote = {Provided by the SAO/NASA Astrophysics Data System}
}


@ARTICLE{Sies00,
   author = {{Siess}, L. and {Dufour}, E. and {Forestini}, M.},
    title = "{An internet server for pre-main sequence tracks of low- and intermediate-mass stars}",
  journal = {\aap},
   eprint = {astro-ph/0003477},
 keywords = {EQUATION OF STATE, STARS: EVOLUTION, STARS: HERTZSPRUNG-RUSSEL (HR) AND C-M DIAGRAMS, STARS: PRE-MAIN SEQUENCE, ASTRONOMICAL DATA BASES: MISCELLANEOUS},
     year = 2000,
    month = jun,
   volume = 358,
    pages = {593-599},
   adsurl = {http://adsabs.harvard.edu/abs/2000A%26A...358..593S},
  adsnote = {Provided by the SAO/NASA Astrophysics Data System}
}
%http://articles.adsabs.harvard.edu/cgi-bin/nph-iarticle_query?2000A%26A...358..593S&amp;data_type=PDF_HIGH&amp;whole_paper=YES&amp;type=PRINTER&amp;filetype=.pdf

@ARTICLE{Smit84,
   author = {{Smith}, B.~A. and {Terrile}, R.~J.},
    title = "{A circumstellar disk around Beta Pictoris}",
  journal = {Science},
 keywords = {Dwarf Stars, Main Sequence Stars, Planetary Evolution, Stellar Envelopes, Brightness, Disks, Infrared Astronomy Satellite, Scattering Cross Sections, Visible Spectrum},
     year = 1984,
    month = dec,
   volume = 226,
    pages = {1421-1424},
      doi = {10.1126/science.226.4681.1421},
   adsurl = {http://adsabs.harvard.edu/abs/1984Sci...226.1421S},
  adsnote = {Provided by the SAO/NASA Astrophysics Data System}
}

@INPROCEEDINGS{Song04,
   author = {{Song}, I. and {Sandell}, G. and {Friberg}, P.},
    title = "{Sub-mm Observation of Vega-like Stars}",
booktitle = {Debris Disks and the Formation of Planets},
     year = 2004,
   series = {Astronomical Society of the Pacific Conference Series},
   volume = 324,
   editor = {{Caroff}, L. and {Moon}, L.~J. and {Backman}, D. and {Praton}, E.
	},
    month = dec,
    pages = {250},
   adsurl = {http://adsabs.harvard.edu/abs/2004ASPC..324..250S},
  adsnote = {Provided by the SAO/NASA Astrophysics Data System}
}

@ARTICLE{Stro89,
   author = {{Strom}, K.~M. and {Strom}, S.~E. and {Edwards}, S. and {Cabrit}, S. and 
	{Skrutskie}, M.~F.},
    title = "{Circumstellar material associated with solar-type pre-main-sequence stars - A possible constraint on the timescale for planet building}",
  journal = {\aj},
 keywords = {Pre-Main Sequence Stars, Stellar Envelopes, Stellar Spectrophotometry, T Tauri Stars, Frequency Distribution, H Alpha Line, Infrared Spectra, Spectral Energy Distribution, Star Formation},
     year = 1989,
    month = may,
   volume = 97,
    pages = {1451-1470},
      doi = {10.1086/115085},
   adsurl = {http://adsabs.harvard.edu/abs/1989AJ.....97.1451S},
  adsnote = {Provided by the SAO/NASA Astrophysics Data System}
}


@ARTICLE{Stru06,
   author = {{Strubbe}, L.~E. and {Chiang}, E.~I.},
    title = "{Dust Dynamics, Surface Brightness Profiles, and Thermal Spectra of Debris Disks: The Case of AU Microscopii}",
  journal = {\apj},
   eprint = {astro-ph/0510527},
 keywords = {Accretion, Accretion Disks, Celestial Mechanics, Stars: Circumstellar Matter, Stars: Planetary Systems: Formation, stars: individual (AU Mic), Stars: Mass Loss},
     year = 2006,
    month = sep,
   volume = 648,
    pages = {652-665},
      doi = {10.1086/505736},
   adsurl = {http://adsabs.harvard.edu/abs/2006ApJ...648..652S},
  adsnote = {Provided by the SAO/NASA Astrophysics Data System}
}

@ARTICLE{Su05,
   author = {{Su}, K.~Y.~L. and {Rieke}, G.~H. and {Misselt}, K.~A. and {Stansberry}, J.~A. and 
	{Moro-Martin}, A. and {Stapelfeldt}, K.~R. and {Werner}, M.~W. and 
	{Trilling}, D.~E. and {Bendo}, G.~J. and {Gordon}, K.~D. and 
	{Hines}, D.~C. and {Wyatt}, M.~C. and {Holland}, W.~S. and {Marengo}, M. and 
	{Megeath}, S.~T. and {Fazio}, G.~G.},
    title = "{The Vega Debris Disk: A Surprise from Spitzer}",
  journal = {\apj},
   eprint = {astro-ph/0504086},
 keywords = {Stars: Circumstellar Matter, Infrared: Stars, Stars: Planetary Systems, Stars: Individual: Name: Vega},
     year = 2005,
    month = jul,
   volume = 628,
    pages = {487-500},
      doi = {10.1086/430819},
   adsurl = {http://adsabs.harvard.edu/abs/2005ApJ...628..487S},
  adsnote = {Provided by the SAO/NASA Astrophysics Data System}
}

@ARTICLE{Su13,
   author = {{Su}, K.~Y.~L. and {Rieke}, G.~H. and {Malhotra}, R. and {Stapelfeldt}, K.~R. and 
	{Hughes}, A.~M. and {Bonsor}, A. and {Wilner}, D.~J. and {Balog}, Z. and 
	{Watson}, D.~M. and {Werner}, M.~W. and {Misselt}, K.~A.},
    title = "{Asteroid Belts in Debris Disk Twins: Vega and Fomalhaut}",
  journal = {\apj},
archivePrefix = "arXiv",
   eprint = {1301.1331},
 primaryClass = "astro-ph.EP",
 keywords = {circumstellar matter, infrared: stars, planetary systems, stars: individual: Vega Fomalhaut},
     year = 2013,
    month = feb,
   volume = 763,
      eid = {118},
    pages = {118},
      doi = {10.1088/0004-637X/763/2/118},
   adsurl = {http://adsabs.harvard.edu/abs/2013ApJ...763..118S},
  adsnote = {Provided by the SAO/NASA Astrophysics Data System}
}


@ARTICLE{Sylv96,
   author = {{Sylvester}, R.~J. and {Skinner}, C.~J. and {Barlow}, M.~J. and 
	{Mannings}, V.},
    title = "{Optical, infrared and millimetre-wave properties of Vega-like systems.}",
  journal = {\mnras},
 keywords = {circumstellar matter -- stars: evolution -- planetary systems -- infrared: stars, Circumstellar Shells: UBVRI Photometry, Circumstellar Shells: Infrared Photometry, Circumstellar Shells: Infrared Spectra, Circumstellar Shells: Sub-MM Radiation, Circumstellar Shells: MM Radiation},
     year = 1996,
    month = apr,
   volume = 279,
    pages = {915-939},
   adsurl = {http://adsabs.harvard.edu/abs/1996MNRAS.279..915S},
  adsnote = {Provided by the SAO/NASA Astrophysics Data System}
}%http://articles.adsabs.harvard.edu/cgi-bin/nph-iarticle_query?1996MNRAS.279..915S&amp;data_type=PDF_HIGH&amp;whole_paper=YES&amp;type=PRINTER&amp;filetype=.pdf

@ARTICLE{Thib07,
   author = {{Th{\'e}bault}, P. and {Augereau}, J.-C.},
    title = "{Collisional processes and size distribution in spatially extended debris discs}",
  journal = {\aap},
archivePrefix = "arXiv",
   eprint = {0706.0344},
 keywords = {stars: planetary systems, stars: individual: <ASTROBJ>{$\beta$} Pictoris</ASTROBJ>, stars: planetary systems: formation, stars: circumstellar matter, planets and satellites: formation,},
     year = 2007,
    month = sep,
   volume = 472,
    pages = {169-185},
      doi = {10.1051/0004-6361:20077709},
   adsurl = {http://adsabs.harvard.edu/abs/2007A%26A...472..169T},
  adsnote = {Provided by the SAO/NASA Astrophysics Data System}
}


@ARTICLE{Thi01a,
   author = {{Thi}, W.~F. and {Blake}, G.~A. and {van Dishoeck}, E.~F. and 
	{van Zadelhoff}, G.~J. and {Horn}, J.~M.~M. and {Becklin}, E.~E. and 
	{Mannings}, V. and {Sargent}, A.~I. and {van den Ancker}, M.~E. and 
	{Natta}, A.},
    title = "{Substantial reservoirs of molecular hydrogen in the debris disks around young stars}",
  journal = {\nat},
     year = 2001,
    month = jan,
   volume = 409,
    pages = {60-63},
   adsurl = {http://adsabs.harvard.edu/abs/2001Natur.409...60T},
  adsnote = {Provided by the SAO/NASA Astrophysics Data System}
}
%http://www.nature.com/nature/journal/v409/n6816/full/409060a0.html 

@ARTICLE{Thi01b,
   author = {{Thi}, W.~F. and {van Dishoeck}, E.~F. and {Blake}, G.~A. and 
	{van Zadelhoff}, G.~J. and {Horn}, J. and {Becklin}, E.~E. and 
	{Mannings}, V. and {Sargent}, A.~I. and {van den Ancker}, M.~E. and 
	{Natta}, A. and {Kessler}, J.},
    title = "{H$_{2}$ and CO Emission from Disks around T Tauri and Herbig Ae Pre-Main-Sequence Stars and from Debris Disks around Young Stars: Warm and Cold Circumstellar Gas}",
  journal = {\apj},
   eprint = {astro-ph/0107006},
 keywords = {Stars: Circumstellar Matter, Infrared: Stars, Stars: Planetary Systems: Protoplanetary Disks},
     year = 2001,
    month = nov,
   volume = 561,
    pages = {1074-1094},
      doi = {10.1086/323361},
   adsurl = {http://adsabs.harvard.edu/abs/2001ApJ...561.1074T},
  adsnote = {Provided by the SAO/NASA Astrophysics Data System}
}
%http://iopscience.iop.org/0004-637X/561/2/1074/pdf/53050.web.pdf

@ARTICLE{Viss11,
   author = {{Visser}, R. and {Doty}, S.~D. and {van Dishoeck}, E.~F.},
    title = "{The chemical history of molecules in circumstellar disks. II. Gas-phase species}",
  journal = {\aap},
archivePrefix = "arXiv",
   eprint = {1109.1741},
 primaryClass = "astro-ph.GA",
 keywords = {astrochemistry, stars: formation, circumstellar matter, protoplanetary disks, molecular processes},
     year = 2011,
    month = oct,
   volume = 534,
      eid = {A132},
    pages = {A132},
      doi = {10.1051/0004-6361/201117249},
   adsurl = {http://adsabs.harvard.edu/abs/2011A%26A...534A.132V},
  adsnote = {Provided by the SAO/NASA Astrophysics Data System}
}


@ARTICLE{Wahh07,
   author = {{Wahhaj}, Z. and {Koerner}, D.~W. and {Sargent}, A.~I.},
    title = "{High-Resolution Imaging of the Dust Disk around 49 Ceti}",
  journal = {\apj},
   eprint = {astro-ph/0701352},
 keywords = {Stars: Circumstellar Matter, Infrared: Stars, Stars: Planetary Systems: Formation, Stars: Planetary Systems: Protoplanetary Disks, Solar System: Formation, stars: individual (49 Ceti)},
     year = 2007,
    month = may,
   volume = 661,
    pages = {368-373},
      doi = {10.1086/512716},
   adsurl = {http://adsabs.harvard.edu/abs/2007ApJ...661..368W},
  adsnote = {Provided by the SAO/NASA Astrophysics Data System}
}
%http://arxiv.org/pdf/astro-ph/0701352v1.pdf


@ARTICLE{Wein99,
   author = {{Weinberger}, A.~J. and {Becklin}, E.~E. and {Schneider}, G. and 
	{Smith}, B.~A. and {Lowrance}, P.~J. and {Silverstone}, M.~D. and 
	{Zuckerman}, B. and {Terrile}, R.~J.},
    title = "{The Circumstellar Disk of HD 141569 Imaged with NICMOS}",
  journal = {\apjl},
   eprint = {astro-ph/9909097},
 keywords = {STARS: CIRCUMSTELLAR MATTER, STARS: EMISSION-LINE, BE, STARS: INDIVIDUAL: HENRY DRAPER NUMBER: HD 141569, Stars: Circumstellar Matter, Stars: Emission-Line, Be, Stars: Individual: Henry Draper Number: HD 141569},
     year = 1999,
    month = nov,
   volume = 525,
    pages = {L53-L56},
      doi = {10.1086/312334},
   adsurl = {http://adsabs.harvard.edu/abs/1999ApJ...525L..53W},
  adsnote = {Provided by the SAO/NASA Astrophysics Data System}
}
%http://arxiv.org/pdf/astro-ph/9909097v1.pdf

@ARTICLE{Wein00,
   author = {{Weinberger}, A.~J. and {Rich}, R.~M. and {Becklin}, E.~E. and 
	{Zuckerman}, B. and {Matthews}, K.},
    title = "{Stellar Companions and the Age of HD 141569 and Its Circumstellar Disk}",
  journal = {\apj},
   eprint = {astro-ph/0007170},
 keywords = {Stars: Binaries: Visual, Stars: Circumstellar Matter, stars: individual (HD 141569), Stars: Late-Type},
     year = 2000,
    month = dec,
   volume = 544,
    pages = {937-943},
      doi = {10.1086/317243},
   adsurl = {http://adsabs.harvard.edu/abs/2000ApJ...544..937W},
  adsnote = {Provided by the SAO/NASA Astrophysics Data System}
}%http://iopscience.iop.org/0004-637X/544/2/937/pdf/51629.web.pdf

@ARTICLE{Weid77,
   author = {{Weidenschilling}, S.~J.},
    title = "{The distribution of mass in the planetary system and solar nebula}",
  journal = {\apss},
 keywords = {Astronomical Models, Mass Distribution, Planetary Composition, Planetary Mass, Solar System, Asteroids, Cosmology, Nebulae, Space Density},
     year = 1977,
    month = sep,
   volume = 51,
    pages = {153-158},
      doi = {10.1007/BF00642464},
   adsurl = {http://adsabs.harvard.edu/abs/1977Ap%26SS..51..153W},
  adsnote = {Provided by the SAO/NASA Astrophysics Data System}
}%http://articles.adsabs.harvard.edu/cgi-bin/nph-iarticle_query?1977Ap%26SS..51..153W&amp;data_type=PDF_HIGH&amp;whole_paper=YES&amp;type=PRINTER&amp;filetype=.pdf

@ARTICLE{Wiln11,
   author = {{Wilner}, D.~J. and {Andrews}, S.~M. and {Hughes}, A.~M.},
    title = "{Millimeter Imaging of the {$\beta$} Pictoris Debris Disk: Evidence for a Planetesimal Belt}",
  journal = {\apjl},
archivePrefix = "arXiv",
   eprint = {1012.2313},
 primaryClass = "astro-ph.SR",
 keywords = {circumstellar matter, planetary systems, planet-disk interactions, stars: individual: {$\beta$} Pictoris},
     year = 2011,
    month = feb,
   volume = 727,
      eid = {L42},
    pages = {L42},
      doi = {10.1088/2041-8205/727/2/L42},
   adsurl = {http://adsabs.harvard.edu/abs/2011ApJ...727L..42W},
  adsnote = {Provided by the SAO/NASA Astrophysics Data System}
}

@ARTICLE{Wiln12,
   author = {{Wilner}, D.~J. and {Andrews}, S.~M. and {MacGregor}, M.~A. and 
	{Hughes}, A.~M.},
    title = "{A Resolved Millimeter Emission Belt in the AU Mic Debris Disk}",
  journal = {\apjl},
archivePrefix = "arXiv",
   eprint = {1203.1896},
 primaryClass = "astro-ph.SR",
 keywords = {circumstellar matter, planet-disk interactions, stars: individual: AU Microscopii, submillimeter: planetary systems},
     year = 2012,
    month = apr,
   volume = 749,
      eid = {L27},
    pages = {L27},
      doi = {10.1088/2041-8205/749/2/L27},
   adsurl = {http://adsabs.harvard.edu/abs/2012ApJ...749L..27W},
  adsnote = {Provided by the SAO/NASA Astrophysics Data System}
}

@ARTICLE{Wrig10,
   author = {{Wright}, E.~L. and {Eisenhardt}, P.~R.~M. and {Mainzer}, A.~K. and 
	{Ressler}, M.~E. and {Cutri}, R.~M. and {Jarrett}, T. and {Kirkpatrick}, J.~D. and 
	{Padgett}, D. and {McMillan}, R.~S. and {Skrutskie}, M. and 
	{Stanford}, S.~A. and {Cohen}, M. and {Walker}, R.~G. and {Mather}, J.~C. and 
	{Leisawitz}, D. and {Gautier}, III, T.~N. and {McLean}, I. and 
	{Benford}, D. and {Lonsdale}, C.~J. and {Blain}, A. and {Mendez}, B. and 
	{Irace}, W.~R. and {Duval}, V. and {Liu}, F. and {Royer}, D. and 
	{Heinrichsen}, I. and {Howard}, J. and {Shannon}, M. and {Kendall}, M. and 
	{Walsh}, A.~L. and {Larsen}, M. and {Cardon}, J.~G. and {Schick}, S. and 
	{Schwalm}, M. and {Abid}, M. and {Fabinsky}, B. and {Naes}, L. and 
	{Tsai}, C.-W.},
    title = "{The Wide-field Infrared Survey Explorer (WISE): Mission Description and Initial On-orbit Performance}",
  journal = {\aj},
archivePrefix = "arXiv",
   eprint = {1008.0031},
 primaryClass = "astro-ph.IM",
 keywords = {infrared: general, space vehicles, surveys},
     year = 2010,
    month = dec,
   volume = 140,
      eid = {1868},
    pages = {1868-1881},
      doi = {10.1088/0004-6256/140/6/1868},
   adsurl = {http://adsabs.harvard.edu/abs/2010AJ....140.1868W},
  adsnote = {Provided by the SAO/NASA Astrophysics Data System}
}%http://iopscience.iop.org/1538-3881/140/6/1868/pdf/aj_140_6_1868.pdf


@ARTICLE{Wyat14,
   author = {{Wyatt}, M.~C. and {Panic}, O. and {Kennedy}, G.~M. and {Matra}, L.
	},
    title = "{Five steps in the evolution from protoplanetary to debris disk}",
  journal = {ArXiv e-prints},
archivePrefix = "arXiv",
   eprint = {1412.5598},
 primaryClass = "astro-ph.EP",
 keywords = {Astrophysics - Earth and Planetary Astrophysics},
     year = 2014,
    month = dec,
   adsurl = {http://adsabs.harvard.edu/abs/2014arXiv1412.5598W},
  adsnote = {Provided by the SAO/NASA Astrophysics Data System}
}
%http://arxiv.org/pdf/1412.5598.pdf

@ARTICLE{Zuck95,
   author = {{Zuckerman}, B. and {Forveille}, T. and {Kastner}, J.~H.},
    title = "{Inhibition of giant-planet formation by rapid gas depletion around young stars}",
  journal = {\nat},
     year = 1995,
    month = feb,
   volume = 373,
    pages = {494-496},
      doi = {10.1038/373494a0},
   adsurl = {http://adsabs.harvard.edu/abs/1995Natur.373..494Z},
  adsnote = {Provided by the SAO/NASA Astrophysics Data System}
}
%http://www.nature.com/nature/journal/v373/n6514/pdf/373494a0.pdf

@ARTICLE{Zuck01,
   author = {{Zuckerman}, B. and {Song}, I. and {Bessell}, M.~S. and {Webb}, R.~A.
	},
    title = "{The {$\beta$} Pictoris Moving Group}",
  journal = {\apjl},
 keywords = {Galaxy: Open Clusters and Associations: Individual: Name: {$\beta$} Pictoris, Stars: Kinematics, Stars: Pre-Main-Sequence},
     year = 2001,
    month = nov,
   volume = 562,
    pages = {L87-L90},
      doi = {10.1086/337968},
   adsurl = {http://adsabs.harvard.edu/abs/2001ApJ...562L..87Z},
  adsnote = {Provided by the SAO/NASA Astrophysics Data System}
}

@ARTICLE{Zuck12,
   author = {{Zuckerman}, B. and {Song}, I.},
    title = "{A 40 Myr Old Gaseous Circumstellar Disk at 49 Ceti: Massive CO-rich Comet Clouds at Young A-type Stars}",
  journal = {\apj},
archivePrefix = "arXiv",
   eprint = {1207.1747},
 primaryClass = "astro-ph.SR",
 keywords = {circumstellar matter, comets: general, evolution, protoplanetary disks, stars: individual: 49 Ceti},
     year = 2012,
    month = oct,
   volume = 758,
      eid = {77},
    pages = {77},
      doi = {10.1088/0004-637X/758/2/77},
   adsurl = {http://adsabs.harvard.edu/abs/2012ApJ...758...77Z},
  adsnote = {Provided by the SAO/NASA Astrophysics Data System}
}%http://iopscience.iop.org/0004-637X/758/2/77/pdf/apj_758_2_77.pdf


@MastersThesis{Stee14,
	author="Amy Steele",
	title="Resolved Millimeter-wavelength Observations of Debris Disks around Sun-like Stars",
	school="Wesleyan University",
	year="2014"
	}
