@ARTICLE{augereau&beust06,
   author = {{Augereau}, J.-C. and {Beust}, H.},
    title = "{On the AU Microscopii debris disk. Density profiles, grain properties, and dust dynamics}",
  journal = {\aap},
   eprint = {astro-ph/0604313},
 keywords = {stars: circumstellar matter, stars: individual: <ASTROBJ>AU Mic</ASTROBJ>, stars: flare, planetary systems: formation, scattering},
     year = 2006,
    month = sep,
   volume = 455,
    pages = {987-999},
      doi = {10.1051/0004-6361:20054250},
   adsurl = {http://adsabs.harvard.edu/abs/2006A%26A...455..987A},
  adsnote = {Provided by the SAO/NASA Astrophysics Data System}
}


@ARTICLE{boccaletti15,
   author = {{Boccaletti}, A. and {Thalmann}, C. and {Lagrange}, A.-M. and 
	{Janson}, M. and {Augereau}, J.-C. and {Schneider}, G. and {Milli}, J. and 
	{Grady}, C. and {Debes}, J. and {Langlois}, M. and {Mouillet}, D. and 
	{Henning}, T. and {Dominik}, C. and {Maire}, A.-L. and {Beuzit}, J.-L. and 
	{Carson}, J. and {Dohlen}, K. and {Engler}, N. and {Feldt}, M. and 
	{Fusco}, T. and {Ginski}, C. and {Girard}, J.~H. and {Hines}, D. and 
	{Kasper}, M. and {Mawet}, D. and {M{\'e}nard}, F. and {Meyer}, M.~R. and 
	{Moutou}, C. and {Olofsson}, J. and {Rodigas}, T. and {Sauvage}, J.-F. and 
	{Schlieder}, J. and {Schmid}, H.~M. and {Turatto}, M. and {Udry}, S. and 
	{Vakili}, F. and {Vigan}, A. and {Wahhaj}, Z. and {Wisniewski}, J.
	},
    title = "{Fast-moving features in the debris disk around AU Microscopii}",
  journal = {\nat},
     year = 2015,
    month = oct,
   volume = 526,
    pages = {230-232},
      doi = {10.1038/nature15705},
   adsurl = {http://adsabs.harvard.edu/abs/2015Natur.526..230B},
  adsnote = {Provided by the SAO/NASA Astrophysics Data System}
}


@ARTICLE{foreman-mackey13,
   author = {{Foreman-Mackey}, D. and {Hogg}, D.~W. and {Lang}, D. and {Goodman}, J.
	},
    title = "{emcee: The MCMC Hammer}",
  journal = {\pasp},
archivePrefix = "arXiv",
   eprint = {1202.3665},
 primaryClass = "astro-ph.IM",
     year = 2013,
    month = mar,
   volume = 125,
    pages = {306},
      doi = {10.1086/670067},
   adsurl = {http://adsabs.harvard.edu/abs/2013PASP..125..306F},
  adsnote = {Provided by the SAO/NASA Astrophysics Data System}
}

@ARTICLE{goodmanweare10,
   author = {{Goodman}, J. and {Weare}, J.},
    title = "{Ensemble samplers with affine invariance}",
  journal = {Communications in Applied Mathematics and Computational Science, Vol.~5, No.~1, p.~65-80, 2010},
 keywords = {Markov chain Monte Carlo, affine invariance, ensemble samplers  },
     year = 2010,
   volume = 5,
    pages = {65-80},
      doi = {10.2140/camcos.2010.5.65},
   adsurl = {http://adsabs.harvard.edu/abs/2010CAMCS...5...65G},
  adsnote = {Provided by the SAO/NASA Astrophysics Data System}
}

@ARTICLE{krist_et_al05,
   author = {{Krist}, J.~E. and {Ardila}, D.~R. and {Golimowski}, D.~A. and 
	{Clampin}, M. and {Ford}, H.~C. and {Illingworth}, G.~D. and 
	{Hartig}, G.~F. and {the ACS Science Team}},
    title = "{HST/ACS Coronagraphic Imaging of the AU Microscopii Debris Disk}",
  journal = {ArXiv Astrophysics e-prints},
   eprint = {astro-ph/0410466},
 keywords = {Astrophysics},
     year = 2004,
    month = oct,
   adsurl = {http://adsabs.harvard.edu/abs/2004astro.ph.10466K},
  adsnote = {Provided by the SAO/NASA Astrophysics Data System}
}

s
@ARTICLE{macgregor13,
   author = {{MacGregor}, M.~A. and {Wilner}, D.~J. and {Rosenfeld}, K.~A. and 
	{Andrews}, S.~M. and {Matthews}, B. and {Hughes}, A.~M. and 
	{Booth}, M. and {Chiang}, E. and {Graham}, J.~R. and {Kalas}, P. and 
	{Kennedy}, G. and {Sibthorpe}, B.},
    title = "{Millimeter Emission Structure in the First ALMA Image of the AU Mic Debris Disk}",
  journal = {\apjl},
archivePrefix = "arXiv",
   eprint = {1211.5148},
 primaryClass = "astro-ph.EP",
 keywords = {circumstellar matter, planet-disk interactions, stars: individual: AU Microscopii, submillimeter: planetary systems},
     year = 2013,
    month = jan,
   volume = 762,
      eid = {L21},
    pages = {L21},
      doi = {10.1088/2041-8205/762/2/L21},
   adsurl = {http://adsabs.harvard.edu/abs/2013ApJ...762L..21M},
  adsnote = {Provided by the SAO/NASA Astrophysics Data System}
}


@ARTICLE{strubbe&chiang06,
   author = {{Strubbe}, L.~E. and {Chiang}, E.~I.},
    title = "{Dust Dynamics, Surface Brightness Profiles, and Thermal Spectra of Debris Disks: The Case of AU Microscopii}",
  journal = {\apj},
   eprint = {astro-ph/0510527},
 keywords = {Accretion, Accretion Disks, Celestial Mechanics, Stars: Circumstellar Matter, Stars: Planetary Systems: Formation, stars: individual (AU Mic), Stars: Mass Loss},
     year = 2006,
    month = sep,
   volume = 648,
    pages = {652-665},
      doi = {10.1086/505736},
   adsurl = {http://adsabs.harvard.edu/abs/2006ApJ...648..652S},
  adsnote = {Provided by the SAO/NASA Astrophysics Data System}
}
