@ARTICLE{Manoj06,
  author = {{Manoj}, P. and {Bhatt}, H.~C. and {Maheswar}, G. and {Muneer}, S.
	},
  title = "{Evolution of Emission-Line Activity in Intermediate-Mass Young Stars}",
  journal = {\apj},
  eprint = {astro-ph/0608541},
  keywords = {Stars: Circumstellar Matter, Stars: Planetary Systems: Protoplanetary Disks, Stars: Emission-Line, Be, Stars: Pre-Main-Sequence, Techniques: Spectroscopic},
  year = 2006,
  month = dec,
  volume = 653,
  pages = {657-674},
  doi = {10.1086/508764},
  adsurl = {http://adsabs.harvard.edu/abs/2006ApJ...653..657M},
  adsnote = {Provided by the SAO/NASA Astrophysics Data System}
}
